timestamp,id,price,qty,quoteQty,isBuyerMaker,isBestMatch
2020-04-17 20:19:30.871,296280000,7072.29,0.176315,1246.95081135,False,True
2020-04-17 20:19:31.031,296280001,7072.31,0.292645,2069.67615995,True,True
2020-04-17 20:19:31.983,296280002,7072.31,0.0063,44.555553,True,True
2020-04-17 20:19:32.965,296280003,7072.32,0.002828,20.00052096,False,True
2020-04-17 20:19:33.665,296280004,7072.32,0.003099,21.91711968,False,True
2020-04-17 20:19:33.696,296280005,7072.52,0.004691,33.17719132,True,True
2020-04-17 20:19:33.696,296280006,7072.32,0.209077,1478.65944864,True,True
2020-04-17 20:19:33.696,296280007,7072.31,0.168696,1193.07040776,True,True
2020-04-17 20:19:34.293,296280008,7071.88,0.020288,143.47430144,False,True
2020-04-17 20:19:34.293,296280009,7071.89,0.168708,1193.08441812,False,True
2020-04-17 20:19:34.293,296280010,7072.04,0.211004,1492.22872816,False,True
2020-04-17 20:19:36.484,296280011,7072.1,0.014898,105.36014579999998,False,True
2020-04-17 20:19:36.485,296280012,7072.09,0.072969,516.04333521,True,True
2020-04-17 20:19:37.314,296280013,7072.1,0.042605,301.3068205,False,True
2020-04-17 20:19:37.688,296280014,7072.1,0.112978,798.9917138,False,True
2020-04-17 20:19:38.498,296280015,7072.1,0.06,424.326,False,True
2020-04-17 20:19:39.569,296280016,7072.1,0.387055,2737.2916655,False,True
2020-04-17 20:19:39.569,296280017,7072.59,0.004425,31.29621075,False,True
2020-04-17 20:19:39.569,296280018,7072.83,0.00852,60.2605116,False,True
2020-04-17 20:19:39.721,296280019,7073.83,0.002586,18.29292438,True,True
2020-04-17 20:19:39.806,296280020,7073.83,0.0018,12.732894,True,True
2020-04-17 20:19:39.919,296280021,7073.83,0.003802,26.89470166,True,True
2020-04-17 20:19:40.024,296280022,7073.83,0.162459,1149.20734797,True,True
2020-04-17 20:19:40.056,296280023,7074.0,0.003536,25.013664,False,True
2020-04-17 20:19:40.056,296280024,7074.12,0.04,282.9648,False,True
2020-04-17 20:19:40.056,296280025,7074.2,0.049561,350.6044262000001,False,True
2020-04-17 20:19:40.056,296280026,7074.27,0.00366,25.8918282,False,True
2020-04-17 20:19:40.056,296280027,7074.35,0.0015,10.611525,False,True
2020-04-17 20:19:40.056,296280028,7074.55,0.004606,32.5853773,False,True
2020-04-17 20:19:40.056,296280029,7074.71,0.007075,50.05357325,False,True
2020-04-17 20:19:40.056,296280030,7074.93,0.186601,1320.18901293,False,True
2020-04-17 20:19:40.245,296280031,7074.53,0.008,56.59624,True,True
2020-04-17 20:19:40.350,296280032,7074.53,0.12750899999999998,902.06624577,True,True
2020-04-17 20:19:40.361,296280033,7074.98,0.042403,300.00037694,False,True
2020-04-17 20:19:40.361,296280034,7075.0,0.005645000000000001,39.938375,False,True
2020-04-17 20:19:40.476,296280035,7074.99,0.002,14.14998,True,True
2020-04-17 20:19:40.488,296280036,7075.37,0.054615,386.42133255,False,True
2020-04-17 20:19:40.661,296280037,7075.29,0.047388,335.28384252,False,True
2020-04-17 20:19:40.671,296280038,7074.18,0.004190999999999999,29.64788838,True,True
2020-04-17 20:19:40.671,296280039,7074.01,0.021596,152.77031996,True,True
2020-04-17 20:19:40.771,296280040,7074.86,0.038614,273.18864404,False,True
2020-04-17 20:19:40.778,296280041,7074.02,0.00282,19.9487364,True,True
2020-04-17 20:19:40.854,296280042,7074.83,0.006943,49.12054469,False,True
2020-04-17 20:19:40.865,296280043,7074.02,6e-06,0.04244412,True,True
2020-04-17 20:19:40.865,296280044,7074.02,0.006978,49.36251156,True,True
2020-04-17 20:19:40.972,296280045,7074.8,0.038618,273.2146264,False,True
2020-04-17 20:19:40.980,296280046,7074.01,0.009804,69.35359404,True,True
2020-04-17 20:19:41.078,296280047,7074.86,0.0029100000000000003,20.5878426,False,True
2020-04-17 20:19:41.082,296280048,7074.79,0.300311,2124.63725969,True,True
2020-04-17 20:19:41.185,296280049,7074.82,0.030327,214.55806614,False,True
2020-04-17 20:19:41.185,296280050,7074.01,0.13582,960.7920382,True,True
2020-04-17 20:19:42.527,296280051,7074.7,0.002827,20.0001769,False,True
2020-04-17 20:19:42.863,296280052,7074.69,0.002898,20.50245162,False,True
2020-04-17 20:19:43.924,296280053,7074.57,0.00521,36.8585097,False,True
2020-04-17 20:19:44.015,296280054,7074.52,0.008333,58.95197516,True,True
2020-04-17 20:19:44.921,296280055,7074.38,0.003627,25.65877626,False,True
2020-04-17 20:19:45.104,296280056,7074.25,0.003647,25.79978975,False,True
2020-04-17 20:19:45.104,296280057,7074.33,0.169673,1200.32279409,False,True
2020-04-17 20:19:45.104,296280058,7074.34,0.168653,1193.10866402,False,True
2020-04-17 20:19:45.104,296280059,7074.39,0.017464,123.54714696,False,True
2020-04-17 20:19:45.239,296280060,7074.04,0.015,106.1106,False,True
2020-04-17 20:19:47.237,296280061,7074.18,0.0072590000000000016,51.35147262,False,True
2020-04-17 20:19:47.349,296280062,7074.16,0.041604,294.31335264,False,True
2020-04-17 20:19:47.450,296280063,7074.12,0.039804,281.57827248,False,True
2020-04-17 20:19:47.860,296280064,7074.1,0.019992,141.4254072,True,True
2020-04-17 20:19:50.162,296280065,7074.15,0.002759,19.51757985,False,True
2020-04-17 20:19:50.641,296280066,7074.14,0.038983,275.77119962,False,True
2020-04-17 20:19:50.979,296280067,7073.78,0.004023,28.45781694,False,True
2020-04-17 20:19:50.979,296280068,7073.78,0.003037,21.48306986,False,True
2020-04-17 20:19:51.082,296280069,7073.77,0.0018,12.732786,False,True
2020-04-17 20:19:51.401,296280070,7073.53,0.0018,12.732354,False,True
2020-04-17 20:19:51.499,296280071,7073.53,0.00886,62.67147579999999,False,True
2020-04-17 20:19:54.539,296280072,7073.17,0.050837,359.57874329,False,True
2020-04-17 20:19:54.917,296280073,7073.0,0.0018,12.7314,False,True
2020-04-17 20:19:55.524,296280074,7072.94,0.002611,18.46744634,False,True
2020-04-17 20:19:56.372,296280075,7072.89,0.006703,47.40958167,True,True
2020-04-17 20:19:56.780,296280076,7072.88,0.027392000000000003,193.74032896,False,True
2020-04-17 20:19:57.013,296280077,7072.69,0.005202,36.79213338,True,True
2020-04-17 20:19:58.012,296280078,7072.27,0.003911,27.65964797,False,True
2020-04-17 20:19:58.012,296280079,7072.68,0.081089,573.51654852,False,True
2020-04-17 20:19:58.469,296280080,7072.07,0.0018,12.729726,False,True
2020-04-17 20:19:58.769,296280081,7071.19,0.548876,3881.20648244,False,True
2020-04-17 20:19:58.880,296280082,7071.19,0.451124,3189.98351756,False,True
2020-04-17 20:19:58.986,296280083,7071.19,0.008860999999999999,62.65781459,False,True
2020-04-17 20:19:59.084,296280084,7071.15,0.104918,741.8909157,False,True
2020-04-17 20:19:59.201,296280085,7071.19,0.005596,39.57037924,False,True
2020-04-17 20:20:00.042,296280086,7070.9,0.009994,70.66657459999998,True,True
2020-04-17 20:20:00.562,296280087,7070.92,0.010208,72.17995136,False,True
2020-04-17 20:20:00.682,296280088,7070.92,0.0070620000000000014,49.93483704,False,True
2020-04-17 20:20:00.773,296280089,7070.89,0.2,1414.178,False,True
2020-04-17 20:20:00.876,296280090,7070.89,0.0069900000000000006,49.42552110000001,False,True
2020-04-17 20:20:01.830,296280091,7071.04,0.007063,49.94275552,False,True
2020-04-17 20:20:01.948,296280092,7071.04,0.007937,56.12284448,False,True
2020-04-17 20:20:02.244,296280093,7070.83,0.2,1414.1660000000004,False,True
2020-04-17 20:20:02.347,296280094,7070.83,0.053863,380.85611629,False,True
2020-04-17 20:20:02.883,296280095,7071.17,0.051828999999999986,366.49166993,False,True
2020-04-17 20:20:02.991,296280096,7071.18,0.048834,345.31400412,False,True
2020-04-17 20:20:03.093,296280097,7071.39,0.014518,102.66244002,False,True
2020-04-17 20:20:04.780,296280098,7070.88,0.002828,19.99644864,False,True
2020-04-17 20:20:05.246,296280099,7070.87,0.003258,23.03689446,False,True
2020-04-17 20:20:06.251,296280100,7070.87,0.003465,24.50056455,False,True
2020-04-17 20:20:06.347,296280101,7070.87,0.00228,16.1215836,False,True
2020-04-17 20:20:08.100,296280102,7070.84,0.007063,49.94134292,False,True
2020-04-17 20:20:08.212,296280103,7070.84,0.007063,49.94134292,False,True
2020-04-17 20:20:08.294,296280104,7070.84,0.030799,217.77480116,False,True
2020-04-17 20:20:08.312,296280105,7070.84,0.007063,49.94134292,False,True
2020-04-17 20:20:08.424,296280106,7070.84,0.007063,49.94134292,False,True
2020-04-17 20:20:08.516,296280107,7070.84,0.01209,85.4864556,False,True
2020-04-17 20:20:08.623,296280108,7070.84,0.0018,12.727512,False,True
2020-04-17 20:20:08.940,296280109,7070.84,0.02658,187.9429272,False,True
2020-04-17 20:20:10.165,296280110,7070.84,0.9004790000000001,6367.14293236,False,True
2020-04-17 20:20:10.165,296280111,7070.84,3.099521,21916.21706764,False,True
2020-04-17 20:20:10.389,296280112,7070.83,0.008745000000000001,61.83440835,True,True
2020-04-17 20:20:10.489,296280113,7070.83,0.130883,925.45144289,True,True
2020-04-17 20:20:11.738,296280114,7070.84,0.006370000000000001,45.0412508,False,True
2020-04-17 20:20:11.738,296280115,7070.84,0.02773,196.0743932,False,True
2020-04-17 20:20:12.384,296280116,7070.84,0.008094,57.23137896,False,True
2020-04-17 20:20:14.082,296280117,7070.83,0.002114,14.94773462,True,True
2020-04-17 20:20:14.332,296280118,7070.83,0.15825799999999998,1119.01541414,True,True
2020-04-17 20:20:14.332,296280119,7070.82,0.002827,19.98920814,True,True
2020-04-17 20:20:14.357,296280120,7070.46,0.001556,11.00163576,False,True
2020-04-17 20:20:14.368,296280121,7070.46,0.008863,62.66548698,False,True
2020-04-17 20:20:14.576,296280122,7070.48,0.007063,49.93880024,False,True
2020-04-17 20:20:14.678,296280123,7070.47,0.007063,49.93872961,False,True
2020-04-17 20:20:14.782,296280124,7070.47,0.0018,12.726846,False,True
2020-04-17 20:20:14.894,296280125,7070.5,0.0018,12.7269,False,True
2020-04-17 20:20:14.998,296280126,7070.5,0.013482,95.324481,False,True
2020-04-17 20:20:15.107,296280127,7070.5,0.013482,95.324481,False,True
2020-04-17 20:20:15.441,296280128,7070.49,1.0,7070.49,True,True
2020-04-17 20:20:15.441,296280129,7070.49,0.216933,1533.82260717,True,True
2020-04-17 20:20:15.441,296280130,7070.49,0.168739,1193.06741211,True,True
2020-04-17 20:20:15.441,296280131,7070.49,2.618462,18513.80938638,True,True
2020-04-17 20:20:16.637,296280132,7070.49,0.064,452.51136,True,True
2020-04-17 20:20:17.693,296280133,7070.47,0.008694,61.47066618,True,True
2020-04-17 20:20:19.132,296280134,7070.46,0.01761,124.5108006,False,True
2020-04-17 20:20:20.986,296280135,7070.5,0.007063,49.9389415,False,True
2020-04-17 20:20:21.091,296280136,7070.5,0.008965,63.3870325,False,True
2020-04-17 20:20:21.198,296280137,7070.5,0.007063,49.9389415,False,True
2020-04-17 20:20:21.301,296280138,7070.5,0.009322,65.911201,False,True
2020-04-17 20:20:21.328,296280139,7070.5,0.113527,802.6926535,False,True
2020-04-17 20:20:21.951,296280140,7070.5,0.113508,802.558314,False,True
2020-04-17 20:20:22.226,296280141,7070.5,0.002829,20.0024445,False,True
2020-04-17 20:20:23.095,296280142,7070.5,0.009416,66.575828,False,True
2020-04-17 20:20:23.208,296280143,7070.5,0.007063,49.9389415,False,True
2020-04-17 20:20:23.331,296280144,7070.5,0.007063,49.9389415,False,True
2020-04-17 20:20:23.431,296280145,7070.5,0.007063,49.9389415,False,True
2020-04-17 20:20:23.531,296280146,7070.5,0.007063,49.9389415,False,True
2020-04-17 20:20:23.630,296280147,7070.5,0.006745999999999999,47.697593,False,True
2020-04-17 20:20:23.740,296280148,7070.5,0.243698,1723.066709,False,True
2020-04-17 20:20:23.849,296280149,7070.5,0.243698,1723.066709,False,True
2020-04-17 20:20:24.799,296280150,7070.5,0.007063,49.9389415,False,True
2020-04-17 20:20:24.904,296280151,7070.5,0.007063,49.9389415,False,True
2020-04-17 20:20:25.005,296280152,7070.5,0.001938,13.702629,False,True
2020-04-17 20:20:25.005,296280153,7070.5,0.005125,36.2363125,False,True
2020-04-17 20:20:25.034,296280154,7070.5,0.001925,13.6107125,False,True
2020-04-17 20:20:25.034,296280155,7071.39,3e-06,0.02121417,False,True
2020-04-17 20:20:25.034,296280156,7071.57,0.002441,17.26170237,False,True
2020-04-17 20:20:26.067,296280157,7070.91,0.004972,35.15656452,True,True
2020-04-17 20:20:26.067,296280158,7070.55,0.002828,19.9955154,True,True
2020-04-17 20:20:26.067,296280159,7070.5,0.034785,245.9473425,True,True
2020-04-17 20:20:26.119,296280160,7071.69,0.001638,11.58342822,False,True
2020-04-17 20:20:27.737,296280161,7070.42,0.009382,66.33468044,True,True
2020-04-17 20:20:27.768,296280162,7070.75,0.009374,66.2812105,False,True
2020-04-17 20:20:27.838,296280163,7070.42,0.009383,66.34175086,True,True
2020-04-17 20:20:28.247,296280164,7070.61,0.008863,62.66681643,False,True
2020-04-17 20:20:28.364,296280165,7070.61,0.007063,49.93971843,False,True
2020-04-17 20:20:29.312,296280166,7070.24,0.094794,670.21633056,True,True
2020-04-17 20:20:32.000,296280167,7070.49,0.004932,34.87165668,False,True
2020-04-17 20:20:32.000,296280168,7070.5,0.395068,2793.328294,False,True
2020-04-17 20:20:32.298,296280169,7070.5,0.2,1414.1,False,True
2020-04-17 20:20:32.300,296280170,7070.5,0.1653,1168.75365,False,True
2020-04-17 20:20:32.318,296280171,7070.5,0.0653,461.70365,False,True
2020-04-17 20:20:32.321,296280172,7070.5,0.07433,525.5502650000002,False,True
2020-04-17 20:20:32.322,296280173,7070.5,0.1,707.05,False,True
2020-04-17 20:20:32.371,296280174,7070.5,2e-06,0.014141,False,True
2020-04-17 20:20:32.371,296280175,7070.85,0.0040030000000000005,28.30461255,False,True
2020-04-17 20:20:32.371,296280176,7071.35,0.056938,402.6285263,False,True
2020-04-17 20:20:32.381,296280177,7071.35,0.090572,640.4663122000002,False,True
2020-04-17 20:20:32.381,296280178,7071.82,0.002826,19.98496332,False,True
2020-04-17 20:20:32.381,296280179,7072.52,0.056602,400.31877704,False,True
2020-04-17 20:20:32.414,296280180,7072.51,0.002829,20.00813079,False,True
2020-04-17 20:20:32.523,296280181,7072.78,0.010265,72.60208670000002,False,True
2020-04-17 20:20:32.560,296280182,7072.48,0.007063,49.95292624,True,True
2020-04-17 20:20:32.588,296280183,7072.77,0.07,495.0939,True,True
2020-04-17 20:20:32.774,296280184,7072.77,0.046454,328.55845758,True,True
2020-04-17 20:20:32.878,296280185,7072.77,0.046275,327.29243175,True,True
2020-04-17 20:20:32.977,296280186,7072.77,0.002121,15.00134517,True,True
2020-04-17 20:20:33.083,296280187,7072.77,0.005419,38.32734063,True,True
2020-04-17 20:20:33.197,296280188,7072.77,0.001897,13.41704469,True,True
2020-04-17 20:20:33.212,296280189,7072.78,0.0047350000000000005,33.4896133,False,True
2020-04-17 20:20:33.212,296280190,7072.78,0.130142,920.46573476,False,True
2020-04-17 20:20:33.295,296280191,7072.77,0.0018,12.730986,True,True
2020-04-17 20:20:33.584,296280192,7072.74,0.060201,425.78602074,False,True
2020-04-17 20:20:33.959,296280193,7072.73,0.060391,427.12923743,False,True
2020-04-17 20:20:34.327,296280194,7072.73,0.060103,425.09229119,False,True
2020-04-17 20:20:34.698,296280195,7072.78,0.0017059999999999998,12.06616268,False,True
2020-04-17 20:20:34.698,296280196,7072.94,0.012389,87.62665366,False,True
2020-04-17 20:20:34.698,296280197,7073.0,0.00527,37.27471,False,True
2020-04-17 20:20:34.698,296280198,7073.0,0.008461,59.844653,False,True
2020-04-17 20:20:34.698,296280199,7073.46,0.032651,230.95554246,False,True
2020-04-17 20:20:34.882,296280200,7072.84,0.045901,324.65042884,True,True
2020-04-17 20:20:34.980,296280201,7073.21,0.051647000000000005,365.31007687,True,True
2020-04-17 20:20:35.083,296280202,7073.22,0.054509,385.55414898,True,True
2020-04-17 20:20:35.144,296280203,7073.42,0.07086,501.2225412,False,True
2020-04-17 20:20:35.202,296280204,7072.49,0.003187,22.54002563,True,True
2020-04-17 20:20:35.304,296280205,7073.11,0.0032049999999999995,22.66931755,True,True
2020-04-17 20:20:35.512,296280206,7073.31,0.060279,426.37205349,False,True
2020-04-17 20:20:35.513,296280207,7072.71,0.003702,26.18317242,True,True
2020-04-17 20:20:35.590,296280208,7073.27,0.1,707.327,False,True
2020-04-17 20:20:35.898,296280209,7073.4,0.060005,424.439367,False,True
2020-04-17 20:20:35.919,296280210,7072.74,0.003358,23.75026092,True,True
2020-04-17 20:20:36.041,296280211,7072.75,0.013571,95.98429025,True,True
2020-04-17 20:20:36.081,296280212,7072.79,0.168678,1193.02407162,True,True
2020-04-17 20:20:36.081,296280213,7072.75,0.292733,2070.42732575,True,True
2020-04-17 20:20:36.081,296280214,7072.74,1e-06,0.00707274,True,True
2020-04-17 20:20:36.081,296280215,7072.54,0.16731400000000002,1183.33495756,True,True
2020-04-17 20:20:36.081,296280216,7072.52,0.371274,2625.84279048,True,True
2020-04-17 20:20:36.257,296280217,7073.18,0.06009,425.0273862,False,True
2020-04-17 20:20:36.615,296280218,7073.11,0.060154,425.47585894,False,True
2020-04-17 20:20:36.983,296280219,7072.98,0.003356,23.73692088,False,True
2020-04-17 20:20:36.983,296280220,7073.15,0.006969,49.29278235,False,True
2020-04-17 20:20:36.983,296280221,7073.47,0.049691,351.48779777,False,True
2020-04-17 20:20:37.089,296280222,7073.46,0.003581000000000001,25.33006026,True,True
2020-04-17 20:20:37.345,296280223,7073.47,0.060135,425.36311845,False,True
2020-04-17 20:20:37.715,296280224,7073.47,0.055423,392.03292781,False,True
2020-04-17 20:20:37.715,296280225,7073.53,0.00434,30.6991202,False,True
2020-04-17 20:20:37.715,296280226,7073.85,0.0007509999999999999,5.31246135,False,True
2020-04-17 20:20:38.103,296280227,7074.02,0.003503,24.78029206,False,True
2020-04-17 20:20:38.103,296280228,7074.05,0.059332,419.7175346,False,True
2020-04-17 20:20:38.131,296280229,7074.05,0.109324,773.3634422,False,True
2020-04-17 20:20:38.131,296280230,7074.06,0.087857,621.50568942,False,True
2020-04-17 20:20:38.131,296280231,7074.09,0.000503,3.55826727,False,True
2020-04-17 20:20:38.482,296280232,7073.84,0.003319,23.47807496,False,True
2020-04-17 20:20:38.482,296280233,7073.99,0.05674,401.3781926,False,True
2020-04-17 20:20:38.761,296280234,7073.98,0.002613,18.48430974,False,True
2020-04-17 20:20:38.997,296280235,7073.93,0.004615,32.64618695,False,True
2020-04-17 20:20:38.997,296280236,7073.98,0.003042,21.51904716,False,True
2020-04-17 20:20:38.997,296280237,7073.99,0.07495,530.1955505,False,True
2020-04-17 20:20:39.283,296280238,7073.89,0.012108,85.65066012,True,True
2020-04-17 20:20:39.405,296280239,7073.85,0.005784,40.9151484,True,True
2020-04-17 20:20:39.704,296280240,7074.08,0.113007,799.42055856,False,True
2020-04-17 20:20:40.072,296280241,7073.86,0.060246,426.17176956,False,True
2020-04-17 20:20:40.444,296280242,7073.86,0.06009700000000001,425.11776442,False,True
2020-04-17 20:20:40.828,296280243,7073.86,0.060199,425.83929814,False,True
2020-04-17 20:20:41.187,296280244,7073.86,0.06004,424.7145544,False,True
2020-04-17 20:20:41.562,296280245,7073.86,0.060242,426.14347412,False,True
2020-04-17 20:20:41.719,296280246,7073.85,0.0043950000000000005,31.08957075,True,True
2020-04-17 20:20:41.934,296280247,7073.86,0.060173,425.65537778,False,True
2020-04-17 20:20:42.306,296280248,7073.86,0.060284,426.44057624,False,True
2020-04-17 20:20:42.670,296280249,7073.86,0.060282,426.42642852,False,True
2020-04-17 20:20:43.048,296280250,7073.86,0.060388,427.17625768,False,True
2020-04-17 20:20:43.418,296280251,7073.86,0.006987999999999999,49.43213368,False,True
2020-04-17 20:20:43.418,296280252,7074.09,0.053197,376.32036573,False,True
2020-04-17 20:20:43.783,296280253,7074.1,0.060004,424.4742964,False,True
2020-04-17 20:20:44.164,296280254,7074.1,0.060002,424.4601482,False,True
2020-04-17 20:20:44.536,296280255,7074.1,0.060017,424.5662597,False,True
2020-04-17 20:20:44.921,296280256,7074.03,0.112959,799.07535477,False,True
2020-04-17 20:20:45.614,296280257,7073.92,0.168657,1193.06612544,True,True
2020-04-17 20:20:45.614,296280258,7073.89,0.168658,1193.06813962,True,True
2020-04-17 20:20:45.614,296280259,7073.85,0.07418,524.738193,True,True
2020-04-17 20:20:45.614,296280260,7073.65,0.004004,28.3228946,True,True
2020-04-17 20:20:45.636,296280261,7073.5,0.17713199999999998,1252.943202,False,True
2020-04-17 20:20:46.002,296280262,7073.5,0.060105999999999986,425.159791,False,True
2020-04-17 20:20:46.378,296280263,7073.5,0.060032,424.63635199999993,False,True
2020-04-17 20:20:46.643,296280264,7073.49,0.012983,91.83512067,True,True
2020-04-17 20:20:46.744,296280265,7073.5,0.060091,425.0536885,False,True
2020-04-17 20:20:47.124,296280266,7073.5,0.06020800000000001,425.881288,False,True
2020-04-17 20:20:47.489,296280267,7073.5,0.060242,426.121787,False,True
2020-04-17 20:20:47.872,296280268,7073.5,0.06035,426.885725,False,True
2020-04-17 20:20:47.881,296280269,7073.5,0.002091,14.790688500000002,False,True
2020-04-17 20:20:48.242,296280270,7073.5,0.044249,312.9953015000001,False,True
2020-04-17 20:20:48.242,296280271,7073.5,0.007002,49.528647,False,True
2020-04-17 20:20:48.242,296280272,7074.07,0.008838,62.52063066,False,True
2020-04-17 20:20:49.882,296280273,7074.01,0.002827,19.99822627,False,True
2020-04-17 20:20:50.020,296280274,7074.0,0.007061,49.949514,True,True
2020-04-17 20:20:50.634,296280275,7074.01,0.005023,35.53275223,True,True
2020-04-17 20:20:51.080,296280276,7074.01,0.003109,21.99309709,True,True
2020-04-17 20:20:51.080,296280277,7073.86,0.01073,75.9025178,True,True
2020-04-17 20:20:51.080,296280278,7073.38,0.003063,21.66576294,True,True
2020-04-17 20:20:51.080,296280279,7073.06,0.093955,664.5493522999999,True,True
2020-04-17 20:20:51.087,296280280,7073.06,0.003109,21.99014354,True,True
2020-04-17 20:20:51.192,296280281,7073.7,0.4,2829.48,False,True
2020-04-17 20:20:51.261,296280282,7073.87,0.017644,124.81136228,False,True
2020-04-17 20:20:51.466,296280283,7074.02,4.0,28296.08,False,True
2020-04-17 20:20:51.466,296280284,7074.1,0.8199770000000001,5800.5992957,False,True
2020-04-17 20:20:51.466,296280285,7074.18,0.007741,54.76122738,False,True
2020-04-17 20:20:51.466,296280286,7074.3,0.053182000000000014,376.2254226,False,True
2020-04-17 20:20:51.466,296280287,7074.31,0.002827,19.99907437,False,True
2020-04-17 20:20:51.466,296280288,7074.36,0.05035,356.19402599999995,False,True
2020-04-17 20:20:51.466,296280289,7074.53,0.015,106.11795,False,True
2020-04-17 20:20:51.466,296280290,7074.57,0.00979,69.2600403,False,True
2020-04-17 20:20:51.578,296280291,7075.06,0.004198,29.70110188,True,True
2020-04-17 20:20:51.683,296280292,7075.0,0.0029,20.5175,True,True
2020-04-17 20:20:51.793,296280293,7075.0,0.0033,23.3475,True,True
2020-04-17 20:20:51.895,296280294,7075.01,0.00384,27.1680384,True,True
2020-04-17 20:20:52.020,296280295,7075.05,0.16863,1193.0656815,True,True
2020-04-17 20:20:52.020,296280296,7075.01,0.026961,190.74934461,True,True
2020-04-17 20:20:52.108,296280297,7075.01,0.110721,783.35218221,True,True
2020-04-17 20:20:52.220,296280298,7075.0,0.023609,167.033675,True,True
2020-04-17 20:20:52.873,296280299,7075.0,1.0,7075.0,True,True
2020-04-17 20:20:54.325,296280300,7075.0,0.122104,863.8858,True,True
2020-04-17 20:20:54.765,296280301,7075.01,0.028237,199.77705737,False,True
2020-04-17 20:20:56.141,296280302,7075.0,0.001638,11.58885,True,True
2020-04-17 20:20:57.179,296280303,7075.0,0.086913,614.909475,True,True
2020-04-17 20:20:57.573,296280304,7075.01,0.140395,993.29602895,False,True
2020-04-17 20:20:57.573,296280305,7075.01,0.064957,459.57142457,False,True
2020-04-17 20:20:58.239,296280306,7075.01,0.006981,49.39064481,False,True
2020-04-17 20:20:58.239,296280307,7075.44,0.056582000000000014,400.34254608,False,True
2020-04-17 20:20:58.239,296280308,7075.53,0.052984,374.88988152,False,True
2020-04-17 20:20:58.292,296280309,7075.51,0.005943,42.04975593,False,True
2020-04-17 20:20:58.303,296280310,7075.51,0.002206,15.60857506,False,True
2020-04-17 20:20:58.347,296280311,7075.25,0.439377,3108.70211925,True,True
2020-04-17 20:20:58.450,296280312,7075.26,0.032462,229.67709012,True,True
2020-04-17 20:20:59.130,296280313,7075.0,0.191909,1357.756175,True,True
2020-04-17 20:21:00.479,296280314,7075.41,0.005818,41.16473538,False,True
2020-04-17 20:21:01.057,296280315,7075.52,0.007681,54.34706912,True,True
2020-04-17 20:21:01.157,296280316,7075.52,0.0030670000000000003,21.70061984,True,True
2020-04-17 20:21:01.281,296280317,7075.52,0.006991,49.46496032,True,True
2020-04-17 20:21:01.290,296280318,7075.52,0.2,1415.104,True,True
2020-04-17 20:21:01.570,296280319,7075.13,0.003697,26.15675561,True,True
2020-04-17 20:21:01.570,296280320,7075.0,0.270029,1910.455175,True,True
2020-04-17 20:21:02.272,296280321,7075.0,1.48507,10506.87025,True,True
2020-04-17 20:21:02.275,296280322,7075.24,0.004108,29.06508592,False,True
2020-04-17 20:21:02.727,296280323,7075.03,0.168631,1193.06938393,False,True
2020-04-17 20:21:02.727,296280324,7075.07,0.231369,1636.95187083,False,True
2020-04-17 20:21:03.305,296280325,7075.42,0.006949,49.16709358,False,True
2020-04-17 20:21:03.305,296280326,7075.53,0.147054,1040.48498862,False,True
2020-04-17 20:21:04.346,296280327,7075.53,0.006481999999999999,45.86358546,False,True
2020-04-17 20:21:04.346,296280328,7075.53,0.006481999999999999,45.86358546,False,True
2020-04-17 20:21:04.347,296280329,7075.53,0.006481999999999999,45.86358546,False,True
2020-04-17 20:21:04.348,296280330,7075.53,0.006481999999999999,45.86358546,False,True
2020-04-17 20:21:04.349,296280331,7075.53,0.006481999999999999,45.86358546,False,True
2020-04-17 20:21:04.349,296280332,7075.53,0.006481999999999999,45.86358546,False,True
2020-04-17 20:21:04.349,296280333,7075.53,0.006481999999999999,45.86358546,False,True
2020-04-17 20:21:04.350,296280334,7075.53,0.006481999999999999,45.86358546,False,True
2020-04-17 20:21:04.350,296280335,7075.53,0.006481999999999999,45.86358546,False,True
2020-04-17 20:21:04.350,296280336,7075.53,0.006481999999999999,45.86358546,False,True
2020-04-17 20:21:04.351,296280337,7075.53,0.006481999999999999,45.86358546,False,True
2020-04-17 20:21:04.351,296280338,7075.53,0.006481999999999999,45.86358546,False,True
2020-04-17 20:21:04.351,296280339,7075.53,0.006481999999999999,45.86358546,False,True
2020-04-17 20:21:04.351,296280340,7075.53,0.006481999999999999,45.86358546,False,True
2020-04-17 20:21:04.351,296280341,7075.53,0.006481999999999999,45.86358546,False,True
2020-04-17 20:21:04.351,296280342,7075.53,0.006481999999999999,45.86358546,False,True
2020-04-17 20:21:04.352,296280343,7075.53,0.006481999999999999,45.86358546,False,True
2020-04-17 20:21:04.352,296280344,7075.53,0.006481999999999999,45.86358546,False,True
2020-04-17 20:21:04.353,296280345,7075.53,0.006481999999999999,45.86358546,False,True
2020-04-17 20:21:04.353,296280346,7075.53,0.006481999999999999,45.86358546,False,True
2020-04-17 20:21:04.353,296280347,7075.53,0.006481999999999999,45.86358546,False,True
2020-04-17 20:21:04.353,296280348,7075.53,0.006481999999999999,45.86358546,False,True
2020-04-17 20:21:04.353,296280349,7075.53,0.006481999999999999,45.86358546,False,True
2020-04-17 20:21:04.354,296280350,7075.53,0.006481999999999999,45.86358546,False,True
2020-04-17 20:21:04.362,296280351,7075.53,0.006481999999999999,45.86358546,False,True
2020-04-17 20:21:04.434,296280352,7075.53,0.006557,46.39425021,False,True
2020-04-17 20:21:04.511,296280353,7075.53,0.169425,1198.77167025,False,True
2020-04-17 20:21:05.225,296280354,7075.52,0.988067,6991.08781984,True,True
2020-04-17 20:21:06.244,296280355,7075.53,0.001534,10.85386302,False,True
2020-04-17 20:21:08.391,296280356,7075.53,0.010538,74.56193514,False,True
2020-04-17 20:21:08.999,296280357,7075.52,0.037898,268.14805696,True,True
2020-04-17 20:21:09.206,296280358,7075.53,0.259038,1832.83114014,False,True
2020-04-17 20:21:09.465,296280359,7075.53,0.0031,21.934143,False,True
2020-04-17 20:21:09.578,296280360,7075.53,0.06011100000000001,425.31718383,False,True
2020-04-17 20:21:09.948,296280361,7075.53,0.060091999999999986,425.18274876,False,True
2020-04-17 20:21:10.330,296280362,7075.53,0.060109,425.30303277,False,True
2020-04-17 20:21:10.699,296280363,7075.53,0.060063,424.97755839,False,True
2020-04-17 20:21:10.742,296280364,7075.53,0.006883,48.70087299,False,True
2020-04-17 20:21:10.881,296280365,7075.53,0.2969,2100.724857,False,True
2020-04-17 20:21:11.069,296280366,7075.53,0.043714,309.29971842,False,True
2020-04-17 20:21:11.069,296280367,7075.53,0.006977,49.36597281,False,True
2020-04-17 20:21:11.069,296280368,7075.6,0.009352,66.17101120000001,False,True
2020-04-17 20:21:12.681,296280369,7075.6,0.002827,20.0027212,False,True
2020-04-17 20:21:17.354,296280370,7075.59,0.504097,3566.78369223,True,True
2020-04-17 20:21:19.216,296280371,7075.41,0.002205,15.60127905,True,True
2020-04-17 20:21:19.216,296280372,7075.19,0.209856,1484.77107264,True,True
2020-04-17 20:21:19.800,296280373,7075.18,0.015739,111.35625802,True,True
2020-04-17 20:21:19.897,296280374,7075.18,0.026560000000000004,187.91678080000003,True,True
2020-04-17 20:21:20.178,296280375,7075.19,0.025718,181.95973642,False,True
2020-04-17 20:21:23.543,296280376,7075.29,0.01525,107.89817250000002,True,True
2020-04-17 20:21:23.657,296280377,7075.29,0.00246,17.405213399999994,True,True
2020-04-17 20:21:24.014,296280378,7075.25,0.004366,30.8905415,False,True
2020-04-17 20:21:24.016,296280379,7075.25,0.004366,30.8905415,False,True
2020-04-17 20:21:24.016,296280380,7075.25,0.004366,30.8905415,False,True
2020-04-17 20:21:24.016,296280381,7075.25,0.004366,30.8905415,False,True
2020-04-17 20:21:24.017,296280382,7075.25,0.004366,30.8905415,False,True
2020-04-17 20:21:24.017,296280383,7075.25,0.004366,30.8905415,False,True
2020-04-17 20:21:24.017,296280384,7075.25,0.004366,30.8905415,False,True
2020-04-17 20:21:24.017,296280385,7075.25,0.004366,30.8905415,False,True
2020-04-17 20:21:24.018,296280386,7075.25,0.004366,30.8905415,False,True
2020-04-17 20:21:24.018,296280387,7075.25,0.004366,30.8905415,False,True
2020-04-17 20:21:24.019,296280388,7075.25,0.004366,30.8905415,False,True
2020-04-17 20:21:24.020,296280389,7075.25,0.004366,30.8905415,False,True
2020-04-17 20:21:24.020,296280390,7075.25,0.004366,30.8905415,False,True
2020-04-17 20:21:24.020,296280391,7075.25,0.004366,30.8905415,False,True
2020-04-17 20:21:24.020,296280392,7075.25,0.004366,30.8905415,False,True
2020-04-17 20:21:24.020,296280393,7075.25,0.004366,30.8905415,False,True
2020-04-17 20:21:24.020,296280394,7075.25,0.004366,30.8905415,False,True
2020-04-17 20:21:24.020,296280395,7075.25,0.004366,30.8905415,False,True
2020-04-17 20:21:24.020,296280396,7075.25,0.004366,30.8905415,False,True
2020-04-17 20:21:24.021,296280397,7075.25,0.004366,30.8905415,False,True
2020-04-17 20:21:24.021,296280398,7075.25,0.004366,30.8905415,False,True
2020-04-17 20:21:24.021,296280399,7075.25,0.004366,30.8905415,False,True
2020-04-17 20:21:24.026,296280400,7075.25,0.004366,30.8905415,False,True
2020-04-17 20:21:24.174,296280401,7075.25,0.05213,368.8327825,False,True
2020-04-17 20:21:24.220,296280402,7075.25,0.003738,26.4472845,False,True
2020-04-17 20:21:24.355,296280403,7075.3,0.010156,71.8567468,False,True
2020-04-17 20:21:25.480,296280404,7075.27,0.015,106.12905,False,True
2020-04-17 20:21:25.480,296280405,7075.3,0.004843999999999999,34.272753200000004,False,True
2020-04-17 20:21:25.480,296280406,7075.5,0.015,106.1325,False,True
2020-04-17 20:21:25.480,296280407,7075.53,0.012099,85.60683747,False,True
2020-04-17 20:21:27.763,296280408,7075.18,0.002429,17.18561222,True,True
2020-04-17 20:21:28.227,296280409,7075.18,0.000905,6.4030379,True,True
2020-04-17 20:21:28.227,296280410,7075.0,0.000735,5.200125,True,True
2020-04-17 20:21:28.340,296280411,7075.0,0.015569,110.150675,True,True
2020-04-17 20:21:29.892,296280412,7075.01,0.002268,16.04612268,False,True
2020-04-17 20:21:31.803,296280413,7075.01,0.06528099999999999,461.86372781,False,True
2020-04-17 20:21:31.811,296280414,7075.01,0.005392,38.14845392,False,True
2020-04-17 20:21:32.564,296280415,7075.0,0.003169,22.420675,True,True
2020-04-17 20:21:33.625,296280416,7075.02,0.0061,43.157622,True,True
2020-04-17 20:21:33.948,296280417,7075.03,0.00459,32.4743877,False,True
2020-04-17 20:21:34.091,296280418,7075.02,0.001556,11.00873112,True,True
2020-04-17 20:21:35.208,296280419,7075.03,0.00212,14.9990636,False,True
2020-04-17 20:21:37.194,296280420,7075.01,0.070265,497.12557765,False,True
2020-04-17 20:21:37.254,296280421,7075.02,0.014124,99.92758248,False,True
2020-04-17 20:21:37.477,296280422,7075.0,0.005368,37.9786,True,True
2020-04-17 20:21:37.484,296280423,7075.0,0.036279,256.673925,True,True
2020-04-17 20:21:38.202,296280424,7075.0,0.487558,3449.47285,True,True
2020-04-17 20:21:38.291,296280425,7075.0,0.03887,275.00525,True,True
2020-04-17 20:21:40.669,296280426,7075.0,1.0,7075.0,True,True
2020-04-17 20:21:41.422,296280427,7075.0,0.113442,802.60215,True,True
2020-04-17 20:21:41.437,296280428,7075.01,0.001818,12.86236818,False,True
2020-04-17 20:21:42.674,296280429,7075.0,0.068212,482.5999,True,True
2020-04-17 20:21:46.842,296280430,7075.0,0.019514,138.06155,True,True
2020-04-17 20:21:47.070,296280431,7075.0,0.1299,919.0425,True,True
2020-04-17 20:21:50.369,296280432,7075.0,0.040835,288.907625,True,True
2020-04-17 20:21:50.709,296280433,7075.01,0.074455,526.76986955,False,True
2020-04-17 20:21:51.840,296280434,7075.01,0.029471,208.50761971,False,True
2020-04-17 20:21:51.917,296280435,7075.0,0.396483,2805.117225,True,True
2020-04-17 20:21:52.030,296280436,7075.01,0.053941,381.63311441,False,True
2020-04-17 20:21:52.139,296280437,7075.01,0.020563,145.48343063,False,True
2020-04-17 20:21:52.222,296280438,7075.0,0.049757,352.030775,True,True
2020-04-17 20:21:52.328,296280439,7075.0,0.14424,1020.498,True,True
2020-04-17 20:21:52.436,296280440,7075.0,0.08421100000000001,595.792825,True,True
2020-04-17 20:21:52.436,296280441,7075.0,0.006372,45.0819,True,True
2020-04-17 20:21:52.436,296280442,7075.0,0.079318,561.17485,True,True
2020-04-17 20:21:52.444,296280443,7075.0,0.83647,5918.02525,True,True
2020-04-17 20:21:52.552,296280444,7075.0,0.003628,25.6681,True,True
2020-04-17 20:21:52.655,296280445,7075.0,0.02479,175.38925,True,True
2020-04-17 20:21:52.758,296280446,7075.0,0.006418000000000001,45.40735,True,True
2020-04-17 20:21:52.853,296280447,7075.0,0.003168,22.4136,True,True
2020-04-17 20:21:52.870,296280448,7075.0,0.046208,326.9216,True,True
2020-04-17 20:21:52.870,296280449,7074.34,0.004188,29.62733592,True,True
2020-04-17 20:21:52.870,296280450,7073.84,0.2,1414.7679999999998,True,True
2020-04-17 20:21:52.870,296280451,7073.81,0.096335,681.45548635,True,True
2020-04-17 20:21:52.870,296280452,7073.67,0.053269,376.80732723,True,True
2020-04-17 20:21:52.973,296280453,7073.68,0.00246,17.4012528,True,True
2020-04-17 20:21:52.993,296280454,7073.69,0.040783,288.48629927,False,True
2020-04-17 20:21:53.114,296280455,7073.68,0.000366,2.58896688,True,True
2020-04-17 20:21:53.204,296280456,7073.63,0.049462,349.87588706,False,True
2020-04-17 20:21:53.207,296280457,7073.62,0.074794,529.06433428,True,True
2020-04-17 20:21:53.244,296280458,7073.62,4e-05,0.2829448,True,True
2020-04-17 20:21:53.244,296280459,7073.42,0.11077,783.5227334,True,True
2020-04-17 20:21:53.244,296280460,7073.33,0.004799,33.94491067,True,True
2020-04-17 20:21:53.295,296280461,7073.13,0.0513,362.851569,False,True
2020-04-17 20:21:53.295,296280462,7073.12,0.006174,43.66944288,True,True
2020-04-17 20:21:53.306,296280463,7073.12,0.300607,2126.22938384,True,True
2020-04-17 20:21:53.306,296280464,7073.1,0.00484,34.233804,True,True
2020-04-17 20:21:53.306,296280465,7072.92,0.001133,8.01361836,True,True
2020-04-17 20:21:53.319,296280466,7072.92,0.005942,42.02729064,True,True
2020-04-17 20:21:53.344,296280467,7072.16,0.004953,35.02840848,True,True
2020-04-17 20:21:53.344,296280468,7071.91,0.009165,64.81405515,True,True
2020-04-17 20:21:53.397,296280469,7072.92,0.031607,223.55378244,False,True
2020-04-17 20:21:53.418,296280470,7071.89,0.02,141.4378,True,True
2020-04-17 20:21:53.472,296280471,7071.71,0.01,70.7171,True,True
2020-04-17 20:21:53.474,296280472,7071.71,0.04,282.8684,True,True
2020-04-17 20:21:53.479,296280473,7071.92,0.043892,310.40071264,False,True
2020-04-17 20:21:53.614,296280474,7072.75,0.168708,1193.229507,False,True
2020-04-17 20:21:53.710,296280475,7071.87,0.168708,1193.08104396,False,True
2020-04-17 20:21:53.819,296280476,7071.83,0.120364,851.19374612,False,True
2020-04-17 20:21:53.894,296280477,7071.73,0.012988,91.84762924,False,True
2020-04-17 20:21:54.021,296280478,7071.73,0.48938,3460.7632274,False,True
2020-04-17 20:21:54.099,296280479,7071.72,0.4,2828.688,True,True
2020-04-17 20:21:54.118,296280480,7071.82,0.080926,572.29410532,False,True
2020-04-17 20:21:54.234,296280481,7071.92,0.003812,26.95815904,False,True
2020-04-17 20:21:54.328,296280482,7071.92,0.011174,79.02163408,False,True
2020-04-17 20:21:54.339,296280483,7071.71,0.012,84.86052,True,True
2020-04-17 20:21:54.438,296280484,7071.75,0.16830699999999998,1190.22502725,True,True
2020-04-17 20:21:54.548,296280485,7071.88,0.168704,1193.05444352,False,True
2020-04-17 20:21:54.558,296280486,7071.71,0.202758,1433.84577618,True,True
2020-04-17 20:21:54.660,296280487,7071.85,0.168704,1193.0493824,False,True
2020-04-17 20:21:54.763,296280488,7071.75,0.168708,1193.060799,True,True
2020-04-17 20:21:54.763,296280489,7071.75,0.101946,720.9366255,True,True
2020-04-17 20:21:54.873,296280490,7071.79,0.168297,1190.16104163,True,True
2020-04-17 20:21:54.968,296280491,7071.88,0.007051999999999998,49.87089776,False,True
2020-04-17 20:21:55.178,296280492,7071.86,0.144671,1023.09305806,True,True
2020-04-17 20:21:59.206,296280493,7071.39,0.005,35.35695,True,True
2020-04-17 20:21:59.360,296280494,7070.42,0.042859,303.03113078,False,True
2020-04-17 20:21:59.438,296280495,7070.41,0.003914,27.67358474,True,True
2020-04-17 20:22:00.322,296280496,7070.68,0.004741,33.52209388,False,True
2020-04-17 20:22:00.435,296280497,7071.01,0.041408,292.79638208,False,True
2020-04-17 20:22:00.857,296280498,7070.7,0.043706,309.0320142,False,True
2020-04-17 20:22:00.957,296280499,7070.7,0.099191,701.3498037,False,True
2020-04-17 20:22:01.020,296280500,7070.69,0.15514,1096.9468465999996,True,True
2020-04-17 20:22:01.280,296280501,7070.42,0.052514,371.29603588,True,True
2020-04-17 20:22:01.294,296280502,7070.68,0.060687,429.09835716,False,True
2020-04-17 20:22:03.071,296280503,7070.57,0.001856,13.12297792,False,True
2020-04-17 20:22:04.839,296280504,7070.61,0.00577,40.797419700000006,False,True
2020-04-17 20:22:04.841,296280505,7070.61,0.00577,40.797419700000006,False,True
2020-04-17 20:22:04.844,296280506,7070.61,0.00577,40.797419700000006,False,True
2020-04-17 20:22:04.846,296280507,7070.61,0.00577,40.797419700000006,False,True
2020-04-17 20:22:04.847,296280508,7070.61,0.00577,40.797419700000006,False,True
2020-04-17 20:22:04.847,296280509,7070.61,0.00577,40.797419700000006,False,True
2020-04-17 20:22:04.848,296280510,7070.61,0.00577,40.797419700000006,False,True
2020-04-17 20:22:04.849,296280511,7070.61,0.00577,40.797419700000006,False,True
2020-04-17 20:22:04.851,296280512,7070.61,0.00577,40.797419700000006,False,True
2020-04-17 20:22:04.851,296280513,7070.61,0.00577,40.797419700000006,False,True
2020-04-17 20:22:04.851,296280514,7070.61,0.00577,40.797419700000006,False,True
2020-04-17 20:22:04.852,296280515,7070.61,0.00577,40.797419700000006,False,True
2020-04-17 20:22:04.852,296280516,7070.61,0.00577,40.797419700000006,False,True
2020-04-17 20:22:04.853,296280517,7070.61,0.00577,40.797419700000006,False,True
2020-04-17 20:22:04.853,296280518,7070.61,0.00577,40.797419700000006,False,True
2020-04-17 20:22:04.853,296280519,7070.61,0.00577,40.797419700000006,False,True
2020-04-17 20:22:04.854,296280520,7070.61,0.00577,40.797419700000006,False,True
2020-04-17 20:22:04.855,296280521,7070.61,0.00577,40.797419700000006,False,True
2020-04-17 20:22:04.856,296280522,7070.61,0.00577,40.797419700000006,False,True
2020-04-17 20:22:04.856,296280523,7070.61,0.00577,40.797419700000006,False,True
2020-04-17 20:22:04.856,296280524,7070.61,0.00577,40.797419700000006,False,True
2020-04-17 20:22:04.856,296280525,7070.61,0.00577,40.797419700000006,False,True
2020-04-17 20:22:04.861,296280526,7070.61,0.00577,40.797419700000006,False,True
2020-04-17 20:22:04.863,296280527,7070.61,0.00577,40.797419700000006,False,True
2020-04-17 20:22:04.863,296280528,7070.61,0.00577,40.797419700000006,False,True
2020-04-17 20:22:04.893,296280529,7070.3,0.02326,164.455178,True,True
2020-04-17 20:22:05.941,296280530,7070.25,0.005,35.35125,True,True
2020-04-17 20:22:06.007,296280531,7070.25,0.243345,1720.50998625,True,True
2020-04-17 20:22:06.007,296280532,7070.24,0.048771,344.82267504,True,True
2020-04-17 20:22:06.007,296280533,7070.0,0.086704,612.9972799999998,True,True
2020-04-17 20:22:06.059,296280534,7070.0,0.5,3535.0,True,True
2020-04-17 20:22:06.069,296280535,7070.0,0.16379000000000002,1157.9953,True,True
2020-04-17 20:22:06.074,296280536,7070.0,0.15958,1128.2306,True,True
2020-04-17 20:22:06.080,296280537,7070.01,0.168735,1192.95813735,False,True
2020-04-17 20:22:06.177,296280538,7070.01,0.002595,18.34667595,False,True
2020-04-17 20:22:06.282,296280539,7070.01,0.002595,18.34667595,False,True
2020-04-17 20:22:06.386,296280540,7070.01,0.002595,18.34667595,False,True
2020-04-17 20:22:06.497,296280541,7070.01,0.002595,18.34667595,False,True
2020-04-17 20:22:06.594,296280542,7070.01,0.002595,18.34667595,False,True
2020-04-17 20:22:06.712,296280543,7070.01,0.002595,18.34667595,False,True
2020-04-17 20:22:06.808,296280544,7070.01,0.002595,18.34667595,False,True
2020-04-17 20:22:06.828,296280545,7070.0,0.01382,97.7074,True,True
2020-04-17 20:22:06.847,296280546,7070.0,0.014718,104.05626,True,True
2020-04-17 20:22:06.917,296280547,7070.01,0.002524,17.84470524,False,True
2020-04-17 20:22:07.017,296280548,7070.01,0.008756,61.90500756,False,True
2020-04-17 20:22:07.129,296280549,7070.01,0.030467,215.40199467,False,True
2020-04-17 20:22:07.187,296280550,7070.0,0.061388,434.01316,True,True
2020-04-17 20:22:07.187,296280551,7070.0,0.007737000000000002,54.70059000000001,True,True
2020-04-17 20:22:08.038,296280552,7070.0,0.060031,424.41917,True,True
2020-04-17 20:22:08.220,296280553,7070.0,0.01243,87.8801,True,True
2020-04-17 20:22:08.879,296280554,7070.01,0.001849,13.07244849,False,True
2020-04-17 20:22:10.068,296280555,7070.0,0.06008400000000001,424.79388,True,True
2020-04-17 20:22:10.084,296280556,7070.0,0.012102,85.56114000000002,True,True
2020-04-17 20:22:11.149,296280557,7070.0,0.01,70.7,True,True
2020-04-17 20:22:11.160,296280558,7070.0,0.02,141.4,True,True
2020-04-17 20:22:12.082,296280559,7070.0,0.060044000000000014,424.51108,True,True
2020-04-17 20:22:13.439,296280560,7070.0,0.06,424.2,True,True
2020-04-17 20:22:13.444,296280561,7070.0,0.1,707.0,True,True
2020-04-17 20:22:13.452,296280562,7070.0,0.01,70.7,True,True
2020-04-17 20:22:13.514,296280563,7070.0,0.08,565.6,True,True
2020-04-17 20:22:14.065,296280564,7070.0,0.060009,424.26363,True,True
2020-04-17 20:22:16.051,296280565,7070.0,0.06000700000000001,424.24949,True,True
2020-04-17 20:22:17.739,296280566,7070.01,0.168751,1193.07125751,False,True
2020-04-17 20:22:17.739,296280567,7070.01,0.032330000000000005,228.5734233,False,True
2020-04-17 20:22:18.030,296280568,7070.0,0.060028,424.39796,True,True
2020-04-17 20:22:18.139,296280569,7070.0,0.02474,174.9118,True,True
2020-04-17 20:22:18.361,296280570,7070.0,0.024616,174.03512,True,True
2020-04-17 20:22:19.364,296280571,7070.0,0.024616,174.03512,True,True
2020-04-17 20:22:19.710,296280572,7070.0,0.004765,33.68855,True,True
2020-04-17 20:22:19.820,296280573,7070.0,0.016681,117.93467,True,True
2020-04-17 20:22:19.914,296280574,7070.0,0.016684,117.95588,True,True
2020-04-17 20:22:20.013,296280575,7070.0,0.060024,424.36968,True,True
2020-04-17 20:22:20.033,296280576,7070.0,0.016684,117.95588,True,True
2020-04-17 20:22:20.126,296280577,7070.0,0.016681,117.93467,True,True
2020-04-17 20:22:20.141,296280578,7070.0,0.007789,55.06823000000001,True,True
2020-04-17 20:22:20.227,296280579,7070.0,0.016681,117.93467,True,True
2020-04-17 20:22:21.428,296280580,7070.01,0.00456,32.239245600000004,False,True
2020-04-17 20:22:22.039,296280581,7070.0,0.06003500000000001,424.44745,True,True
2020-04-17 20:22:22.236,296280582,7070.0,0.038188,269.98916,True,True
2020-04-17 20:22:22.612,296280583,7069.57,0.0036,25.450452,False,True
2020-04-17 20:22:23.010,296280584,7069.41,0.21227,1500.6236607,False,True
2020-04-17 20:22:23.010,296280585,7069.44,0.253183,1789.86202752,False,True
2020-04-17 20:22:23.010,296280586,7069.71,0.034547,244.23727137,False,True
2020-04-17 20:22:23.416,296280587,7069.23,0.0015,10.603845,True,True
2020-04-17 20:22:23.416,296280588,7068.0,0.008457,59.774076,True,True
2020-04-17 20:22:23.416,296280589,7067.52,0.090359,638.61403968,True,True
2020-04-17 20:22:23.416,296280590,7067.15,0.126615,894.80719725,True,True
2020-04-17 20:22:23.416,296280591,7067.14,0.013069,92.36045266,True,True
2020-04-17 20:22:23.439,296280592,7067.3,0.06,424.038,True,True
2020-04-17 20:22:23.439,296280593,7067.3,0.2,1413.46,True,True
2020-04-17 20:22:23.444,296280594,7067.3,0.16,1130.768,True,True
2020-04-17 20:22:23.564,296280595,7067.67,0.219068,1548.30033156,False,True
2020-04-17 20:22:23.652,296280596,7067.67,0.06,424.0602,False,True
2020-04-17 20:22:23.782,296280597,7067.66,0.002829,19.99441014,True,True
2020-04-17 20:22:23.782,296280598,7067.14,0.074431,526.01429734,True,True
2020-04-17 20:22:23.782,296280599,7067.07,0.039022,275.77120554,True,True
2020-04-17 20:22:23.782,296280600,7067.01,0.005,35.33505,True,True
2020-04-17 20:22:23.782,296280601,7067.01,0.2,1413.402,True,True
2020-04-17 20:22:23.782,296280602,7067.0,0.091081,643.6694269999998,True,True
2020-04-17 20:22:23.782,296280603,7066.87,0.007075,49.99810525,True,True
2020-04-17 20:22:23.782,296280604,7066.46,0.005963,42.13730098,True,True
2020-04-17 20:22:23.782,296280605,7066.1,0.139,982.1879,True,True
2020-04-17 20:22:23.782,296280606,7066.04,0.047329,334.42860716,True,True
2020-04-17 20:22:23.782,296280607,7066.0,0.002588,18.286808,True,True
2020-04-17 20:22:23.782,296280608,7066.0,0.078574,555.203884,True,True
2020-04-17 20:22:23.782,296280609,7065.86,0.2,1413.172,True,True
2020-04-17 20:22:23.782,296280610,7065.55,0.096759,683.65555245,True,True
2020-04-17 20:22:23.782,296280611,7065.55,0.02928,206.879304,True,True
2020-04-17 20:22:23.786,296280612,7067.67,0.01598,112.9413666,False,True
2020-04-17 20:22:23.865,296280613,7066.81,0.2,1413.362,False,True
2020-04-17 20:22:23.972,296280614,7066.81,0.13429100000000002,949.00898171,False,True
2020-04-17 20:22:24.090,296280615,7066.81,0.184815,1306.05249015,False,True
2020-04-17 20:22:24.262,296280616,7067.13,0.062635,442.64968755,True,True
2020-04-17 20:22:26.280,296280617,7067.14,0.00283,20.0000062,False,True
2020-04-17 20:22:26.504,296280618,7067.14,0.00283,20.0000062,False,True
2020-04-17 20:22:26.582,296280619,7067.17,0.6,4240.302,False,True
2020-04-17 20:22:26.589,296280620,7067.17,0.80692,5702.6408164,False,True
2020-04-17 20:22:26.717,296280621,7067.17,2e-06,0.01413434,False,True
2020-04-17 20:22:26.717,296280622,7067.66,0.002826,19.97320716,False,True
2020-04-17 20:22:26.723,296280623,7067.96,0.00397,28.0598012,False,True
2020-04-17 20:22:26.815,296280624,7067.96,2e-06,0.01413592,False,True
2020-04-17 20:22:26.815,296280625,7069.14,0.002828,19.99152792,False,True
2020-04-17 20:22:26.900,296280626,7069.0,0.077682,549.134058,True,True
2020-04-17 20:22:27.133,296280627,7069.0,0.408691,2889.036679,True,True
2020-04-17 20:22:27.170,296280628,7069.0,0.013713,96.937197,True,True
2020-04-17 20:22:27.294,296280629,7069.13,0.002829,19.99856877,False,True
2020-04-17 20:22:27.294,296280630,7069.35,0.067824,479.4715944,False,True
2020-04-17 20:22:27.465,296280631,7069.16,0.024619,174.03565004,True,True
2020-04-17 20:22:27.951,296280632,7069.32,0.010816,76.46176512,True,True
2020-04-17 20:22:28.355,296280633,7069.33,0.0045,31.811985,False,True
2020-04-17 20:22:29.020,296280634,7069.32,0.06016000000000001,425.2902912,True,True
2020-04-17 20:22:29.176,296280635,7069.32,0.02455,173.551806,True,True
2020-04-17 20:22:31.193,296280636,7069.32,0.060162,425.30442984,True,True
2020-04-17 20:22:32.611,296280637,7069.35,0.002829,19.99919115,False,True
2020-04-17 20:22:32.973,296280638,7069.35,0.005966,42.1757421,True,True
2020-04-17 20:22:34.040,296280639,7069.36,0.001556,10.99992416,False,True
2020-04-17 20:22:35.831,296280640,7069.35,0.1594,1126.85439,True,True
2020-04-17 20:22:37.834,296280641,7069.35,0.014965,105.79282275,True,True
2020-04-17 20:22:39.117,296280642,7069.35,0.003969,28.05825015,True,True
2020-04-17 20:22:39.845,296280643,7069.36,0.008229,58.17376344,False,True
2020-04-17 20:22:40.656,296280644,7069.48,0.003914,27.66994472,True,True
2020-04-17 20:22:40.656,296280645,7069.42,0.16876,1193.0353192,True,True
2020-04-17 20:22:40.656,296280646,7069.39,0.093857,663.51173723,True,True
2020-04-17 20:22:40.882,296280647,7069.6,0.003304,23.3579584,False,True
2020-04-17 20:22:40.882,296280648,7069.7,0.0012,8.48364,False,True
2020-04-17 20:22:42.756,296280649,7069.69,0.06008,424.7469752,True,True
2020-04-17 20:22:44.908,296280650,7069.69,0.060026,424.36521194,True,True
2020-04-17 20:22:46.947,296280651,7069.69,0.060113,424.98027497,True,True
2020-04-17 20:22:47.017,296280652,7069.69,0.001565,11.06406485,True,True
2020-04-17 20:22:47.253,296280653,7069.69,0.014224,100.55927056,True,True
2020-04-17 20:22:48.668,296280654,7069.69,0.004079999999999999,28.8443352,True,True
2020-04-17 20:22:49.051,296280655,7069.69,0.06,424.1814,True,True
2020-04-17 20:22:51.153,296280656,7069.69,0.028518,201.61341942,True,True
2020-04-17 20:22:51.153,296280657,7068.96,0.00387,27.3568752,True,True
2020-04-17 20:22:51.153,296280658,7068.55,0.027613,195.18387115,True,True
2020-04-17 20:22:51.531,296280659,7069.25,0.008229,58.17285825,False,True
2020-04-17 20:22:51.853,296280660,7068.84,0.005508,38.93517072,True,True
2020-04-17 20:22:51.987,296280661,7068.99,0.090378,638.88117822,False,True
2020-04-17 20:22:52.094,296280662,7068.96,0.002461,17.39671056,False,True
2020-04-17 20:22:52.305,296280663,7068.88,0.021198,149.84611824,False,True
2020-04-17 20:22:52.589,296280664,7068.82,0.067065,474.0704133,False,True
2020-04-17 20:22:53.930,296280665,7068.59,0.003111,21.99038349,False,True
2020-04-17 20:22:54.046,296280666,7068.59,0.005431,38.38951229,False,True
2020-04-17 20:22:54.144,296280667,7068.59,0.006458,45.64895422,False,True
2020-04-17 20:22:54.259,296280668,7068.62,0.00358,25.3056596,False,True
2020-04-17 20:22:54.912,296280669,7068.62,0.038916,275.08241592,False,True
2020-04-17 20:22:54.998,296280670,7068.78,0.004744,33.53429232,False,True
2020-04-17 20:22:55.215,296280671,7068.87,0.0042710000000000005,30.19114377,False,True
2020-04-17 20:22:55.423,296280672,7069.02,0.016533000000000003,116.87210766,False,True
2020-04-17 20:22:55.538,296280673,7069.02,0.006661,47.08674222,False,True
2020-04-17 20:22:55.576,296280674,7068.96,0.07385900000000001,522.10631664,True,True
2020-04-17 20:22:55.646,296280675,7069.02,0.007045,49.8012459,False,True
2020-04-17 20:22:55.736,296280676,7069.02,0.070629,499.27781358,False,True
2020-04-17 20:22:56.131,296280677,7069.01,0.140682,994.48246482,True,True
2020-04-17 20:22:56.779,296280678,7068.54,0.025356,179.22990024,True,True
2020-04-17 20:22:57.492,296280679,7068.79,0.011128,78.66149512,False,True
2020-04-17 20:22:57.711,296280680,7068.37,0.077407,547.14131659,False,True
2020-04-17 20:22:58.252,296280681,7068.18,0.002828,19.98881304,True,True
2020-04-17 20:22:58.252,296280682,7067.6,0.008489,59.9968564,True,True
2020-04-17 20:22:58.252,296280683,7067.6,0.004828,34.122372799999994,True,True
2020-04-17 20:22:58.252,296280684,7067.26,0.007075,50.0008645,True,True
2020-04-17 20:22:58.252,296280685,7067.24,0.036787,259.98255788,True,True
2020-04-17 20:22:58.334,296280686,7068.17,0.00188,13.288159599999998,False,True
2020-04-17 20:23:03.923,296280687,7067.0,0.094521,667.979907,True,True
2020-04-17 20:23:03.923,296280688,7067.0,0.078313,553.437971,True,True
2020-04-17 20:23:03.923,296280689,7066.64,0.004229999999999999,29.8918872,True,True
2020-04-17 20:23:03.923,296280690,7065.22,0.042462,300.00337164,True,True
2020-04-17 20:23:03.923,296280691,7065.09,0.280474,1981.57405266,True,True
2020-04-17 20:23:04.161,296280692,7066.24,0.0045520000000000005,32.16552448,False,True
2020-04-17 20:23:04.260,296280693,7066.23,0.040628,287.08679244,False,True
2020-04-17 20:23:06.743,296280694,7066.23,4e-06,0.02826492,False,True
2020-04-17 20:23:06.743,296280695,7066.26,0.039229,277.20231354,False,True
2020-04-17 20:23:06.743,296280696,7066.27,0.049299,348.36004473,False,True
2020-04-17 20:23:06.743,296280697,7066.69,0.004693999999999999,33.17104286,False,True
2020-04-17 20:23:06.743,296280698,7066.95,0.002828,19.9853346,False,True
2020-04-17 20:23:06.743,296280699,7067.04,0.015189,107.34127056,False,True
2020-04-17 20:23:06.743,296280700,7067.04,0.171763,1213.85599152,False,True
2020-04-17 20:23:07.069,296280701,7066.86,0.004032,28.49357952,False,True
2020-04-17 20:23:07.069,296280702,7067.04,0.023306,164.70443424,False,True
2020-04-17 20:23:11.746,296280703,7066.82,0.00283,19.9991006,False,True
2020-04-17 20:23:11.966,296280704,7066.82,0.000942,6.65694444,False,True
2020-04-17 20:23:11.966,296280705,7066.89,0.000517,3.65358213,False,True
2020-04-17 20:23:14.298,296280706,7066.89,0.041213,291.24773757,False,True
2020-04-17 20:23:14.468,296280707,7066.89,0.056534,399.51955926,False,True
2020-04-17 20:23:14.664,296280708,7066.89,0.056534,399.51955926,False,True
2020-04-17 20:23:14.673,296280709,7066.89,0.00283,19.9992987,False,True
2020-04-17 20:23:15.065,296280710,7066.89,0.00283,19.9992987,False,True
2020-04-17 20:23:15.283,296280711,7066.89,0.00283,19.9992987,False,True
2020-04-17 20:23:15.599,296280712,7066.89,0.0019690000000000003,13.91470641,False,True
2020-04-17 20:23:16.198,296280713,7066.89,0.04237,299.4241293,False,True
2020-04-17 20:23:16.310,296280714,7066.89,0.07134,504.1519326,False,True
2020-04-17 20:23:16.322,296280715,7066.92,0.015846000000000002,111.98241432,False,True
2020-04-17 20:23:16.322,296280716,7066.92,0.384154,2714.78558568,False,True
2020-04-17 20:23:16.324,296280717,7066.92,0.283723,2005.04774316,False,True
2020-04-17 20:23:16.330,296280718,7066.92,0.1,706.692,False,True
2020-04-17 20:23:16.331,296280719,7066.92,0.3,2120.076,False,True
2020-04-17 20:23:16.331,296280720,7066.92,0.047072,332.65405824,False,True
2020-04-17 20:23:16.331,296280721,7066.92,0.152928,1080.72994176,False,True
2020-04-17 20:23:16.345,296280722,7066.92,0.010565,74.66200979999998,False,True
2020-04-17 20:23:16.404,296280723,7067.14,0.024546,173.47001844,False,True
2020-04-17 20:23:16.404,296280724,7067.28,0.004976,35.16678528,False,True
2020-04-17 20:23:16.404,296280725,7068.94,0.109032,770.74066608,False,True
2020-04-17 20:23:16.404,296280726,7068.95,0.094031,664.70043745,False,True
2020-04-17 20:23:16.404,296280727,7069.03,0.015,106.03545,False,True
2020-04-17 20:23:16.404,296280728,7069.45,0.00254,17.956402999999995,False,True
2020-04-17 20:23:16.404,296280729,7069.59,0.149875,1059.55480125,False,True
2020-04-17 20:23:16.429,296280730,7069.54,0.086449,611.15466346,False,True
2020-04-17 20:23:16.429,296280731,7069.59,0.15379,1087.2322461,False,True
2020-04-17 20:23:16.435,296280732,7067.49,0.00283,20.0009967,False,True
2020-04-17 20:23:16.442,296280733,7067.49,0.000197,1.39229553,False,True
2020-04-17 20:23:16.442,296280734,7069.53,0.013935,98.51390055,False,True
2020-04-17 20:23:16.807,296280735,7069.39,0.00283,20.0063737,False,True
2020-04-17 20:23:16.807,296280736,7069.39,0.07106699999999999,502.40033913,False,True
2020-04-17 20:23:17.177,296280737,7069.39,0.060223,425.73987397,False,True
2020-04-17 20:23:17.559,296280738,7069.39,0.060175,425.40054325,False,True
2020-04-17 20:23:17.833,296280739,7069.38,0.161641,1142.70165258,True,True
2020-04-17 20:23:17.930,296280740,7069.39,0.060399,426.98408661,False,True
2020-04-17 20:23:19.077,296280741,7069.41,0.004573,32.32841193,True,True
2020-04-17 20:23:20.385,296280742,7069.42,0.004921,34.78861582,False,True
2020-04-17 20:23:20.397,296280743,7069.41,0.026842,189.75710322,True,True
2020-04-17 20:23:20.823,296280744,7069.41,0.004346,30.72365586,True,True
2020-04-17 20:23:20.823,296280745,7069.41,0.004346,30.72365586,True,True
2020-04-17 20:23:20.823,296280746,7069.41,0.004346,30.72365586,True,True
2020-04-17 20:23:20.823,296280747,7069.41,0.004346,30.72365586,True,True
2020-04-17 20:23:20.824,296280748,7069.41,0.004346,30.72365586,True,True
2020-04-17 20:23:20.824,296280749,7069.41,0.004346,30.72365586,True,True
2020-04-17 20:23:20.824,296280750,7069.41,0.004346,30.72365586,True,True
2020-04-17 20:23:20.825,296280751,7069.41,0.004346,30.72365586,True,True
2020-04-17 20:23:20.825,296280752,7069.41,0.004346,30.72365586,True,True
2020-04-17 20:23:20.825,296280753,7069.41,0.004346,30.72365586,True,True
2020-04-17 20:23:20.825,296280754,7069.41,0.004346,30.72365586,True,True
2020-04-17 20:23:20.825,296280755,7069.41,0.004346,30.72365586,True,True
2020-04-17 20:23:20.827,296280756,7069.41,0.004346,30.72365586,True,True
2020-04-17 20:23:20.827,296280757,7069.41,0.004346,30.72365586,True,True
2020-04-17 20:23:20.827,296280758,7069.41,0.004346,30.72365586,True,True
2020-04-17 20:23:20.827,296280759,7069.41,0.004346,30.72365586,True,True
2020-04-17 20:23:20.827,296280760,7069.41,0.004346,30.72365586,True,True
2020-04-17 20:23:20.828,296280761,7069.41,0.004346,30.72365586,True,True
2020-04-17 20:23:20.828,296280762,7069.41,0.004346,30.72365586,True,True
2020-04-17 20:23:20.829,296280763,7069.41,0.004346,30.72365586,True,True
2020-04-17 20:23:20.829,296280764,7069.41,0.004346,30.72365586,True,True
2020-04-17 20:23:20.829,296280765,7069.41,0.004346,30.72365586,True,True
2020-04-17 20:23:20.830,296280766,7069.41,0.004346,30.72365586,True,True
2020-04-17 20:23:20.830,296280767,7069.41,0.004346,30.72365586,True,True
2020-04-17 20:23:20.830,296280768,7069.41,0.004346,30.72365586,True,True
2020-04-17 20:23:20.830,296280769,7069.41,0.004346,30.72365586,True,True
2020-04-17 20:23:20.831,296280770,7069.41,0.004346,30.72365586,True,True
2020-04-17 20:23:20.832,296280771,7069.41,0.004346,30.72365586,True,True
2020-04-17 20:23:20.833,296280772,7069.41,0.004346,30.72365586,True,True
2020-04-17 20:23:20.833,296280773,7069.41,0.004346,30.72365586,True,True
2020-04-17 20:23:20.868,296280774,7069.42,0.130381,921.71804902,False,True
2020-04-17 20:23:20.937,296280775,7069.41,0.130392,921.79450872,True,True
2020-04-17 20:23:23.572,296280776,7069.41,0.0092,65.038572,True,True
2020-04-17 20:23:23.668,296280777,7069.41,0.019848,140.31364968,True,True
2020-04-17 20:23:24.199,296280778,7069.41,0.012796,90.46017036,False,True
2020-04-17 20:23:25.904,296280779,7069.38,0.168775,1193.1346095,False,True
2020-04-17 20:23:25.904,296280780,7069.42,0.231225,1634.6266395,False,True
2020-04-17 20:23:26.260,296280781,7069.42,0.060259,425.99617978,False,True
2020-04-17 20:23:26.625,296280782,7069.42,0.060064,424.61764288,False,True
2020-04-17 20:23:26.986,296280783,7069.42,0.060454,427.37471668,False,True
2020-04-17 20:23:27.348,296280784,7069.42,0.051279999999999985,362.5198576,False,True
2020-04-17 20:23:27.348,296280785,7069.45,0.009224,65.2086068,False,True
2020-04-17 20:23:27.710,296280786,7069.45,0.060039,424.44270855,False,True
2020-04-17 20:23:28.073,296280787,7069.45,0.022096,156.20656719999997,False,True
2020-04-17 20:23:28.073,296280788,7069.45,0.021975,155.35116375,False,True
2020-04-17 20:23:28.073,296280789,7069.45,0.016186000000000002,114.42611770000002,False,True
2020-04-17 20:23:28.432,296280790,7069.45,0.000814,5.754532299999998,False,True
2020-04-17 20:23:28.432,296280791,7069.48,0.059411,420.00487628,False,True
2020-04-17 20:23:28.795,296280792,7069.48,0.060137,425.13731876,False,True
2020-04-17 20:23:29.159,296280793,7069.48,0.060076,424.70608048,False,True
2020-04-17 20:23:29.280,296280794,7069.13,0.144703,1022.92431839,True,True
2020-04-17 20:23:29.616,296280795,7068.91,0.014764,104.36538724,False,True
2020-04-17 20:23:29.772,296280796,7068.5,0.098088,693.3350280000002,False,True
2020-04-17 20:23:29.802,296280797,7068.5,0.010665,75.3855525,False,True
2020-04-17 20:23:29.916,296280798,7068.46,0.007065000000000002,49.9386699,False,True
2020-04-17 20:23:30.014,296280799,7068.43,0.010665,75.38480595,False,True
2020-04-17 20:23:30.129,296280800,7068.4,0.007704000000000002,54.4549536,False,True
2020-04-17 20:23:30.146,296280801,7068.4,0.060137,425.0723708,False,True
2020-04-17 20:23:30.523,296280802,7068.39,0.060225,425.69378775,False,True
2020-04-17 20:23:31.131,296280803,7068.39,0.095644,676.04909316,False,True
2020-04-17 20:23:31.484,296280804,7068.13,0.046595,329.33951735,False,True
2020-04-17 20:23:31.484,296280805,7068.13,0.113295,800.78378835,False,True
2020-04-17 20:23:31.500,296280806,7068.13,0.060212,425.58624356,False,True
2020-04-17 20:23:31.830,296280807,7068.13,0.008688,61.40791344,False,True
2020-04-17 20:23:31.874,296280808,7068.13,0.060336,426.46269168,False,True
2020-04-17 20:23:32.241,296280809,7068.13,0.060297,426.18703461,False,True
2020-04-17 20:23:32.607,296280810,7068.13,0.06017,425.28938210000007,False,True
2020-04-17 20:23:32.862,296280811,7068.12,0.002825,19.967439,True,True
2020-04-17 20:23:32.979,296280812,7068.13,0.060219000000000016,425.63572047,False,True
2020-04-17 20:23:33.354,296280813,7068.13,0.060180999999999985,425.36713153,False,True
2020-04-17 20:23:33.436,296280814,7068.12,3e-06,0.02120436,True,True
2020-04-17 20:23:33.436,296280815,7068.12,0.011786,83.30486232,True,True
2020-04-17 20:23:35.243,296280816,7067.29,0.01046,73.92385340000001,False,True
2020-04-17 20:23:37.042,296280817,7067.29,5e-06,0.03533645,False,True
2020-04-17 20:23:37.042,296280818,7068.16,0.004737,33.48187392,False,True
2020-04-17 20:23:37.273,296280819,7068.16,0.007391,52.24077056,False,True
2020-04-17 20:23:38.273,296280820,7068.16,0.005358,37.87120128,False,True
2020-04-17 20:23:38.614,296280821,7068.16,0.02787,196.9896192,False,True
2020-04-17 20:23:38.977,296280822,7068.16,0.008378,59.21704448,False,True
2020-04-17 20:23:39.686,296280823,7068.16,6e-06,0.04240896,False,True
2020-04-17 20:23:39.686,296280824,7068.19,0.023684,167.40301196,False,True
2020-04-17 20:23:40.508,296280825,7068.19,0.007065000000000002,49.93676235,False,True
2020-04-17 20:23:40.618,296280826,7068.19,0.007065000000000002,49.93676235,False,True
2020-04-17 20:23:40.629,296280827,7068.18,0.006011,42.48682998,True,True
2020-04-17 20:23:40.712,296280828,7068.01,0.011207,79.21118807,True,True
2020-04-17 20:23:40.716,296280829,7068.01,0.017144,121.17396344,True,True
2020-04-17 20:23:40.731,296280830,7068.19,0.0036,25.445484,False,True
2020-04-17 20:23:40.743,296280831,7068.19,0.011208,79.22027352,False,True
2020-04-17 20:23:40.823,296280832,7068.05,0.011208,79.21870440000002,True,True
2020-04-17 20:23:40.831,296280833,7068.19,0.00626,44.2468694,False,True
2020-04-17 20:23:41.977,296280834,7068.19,0.011162,78.89513678,False,True
2020-04-17 20:23:42.554,296280835,7068.18,0.013807,97.59036126,True,True
2020-04-17 20:23:42.643,296280836,7068.19,0.005,35.34095,False,True
2020-04-17 20:23:42.921,296280837,7068.18,0.017626,124.58374068,True,True
2020-04-17 20:23:42.923,296280838,7068.19,0.498155,3521.05418945,False,True
2020-04-17 20:23:43.041,296280839,7068.19,0.002556,18.06629364,False,True
2020-04-17 20:23:43.236,296280840,7068.19,0.0016469999999999998,11.64130893,False,True
2020-04-17 20:23:43.895,296280841,7068.18,0.008572,60.58843896,True,True
2020-04-17 20:23:44.922,296280842,7068.19,0.363012,2565.83778828,False,True
2020-04-17 20:23:45.208,296280843,7068.19,0.003124,22.08102556,False,True
2020-04-17 20:23:45.265,296280844,7068.18,0.012047,85.15036446,True,True
2020-04-17 20:23:45.386,296280845,7068.19,0.017138999999999998,121.14170841,False,True
2020-04-17 20:23:46.729,296280846,7068.18,0.002054,14.51804172,True,True
2020-04-17 20:23:47.107,296280847,7068.19,0.006613,46.74194047,False,True
2020-04-17 20:23:47.834,296280848,7068.22,0.004229,29.89150238,False,True
2020-04-17 20:23:47.922,296280849,7068.22,0.044307,313.17162354,False,True
2020-04-17 20:23:48.409,296280850,7068.22,0.003719,26.28671018,False,True
2020-04-17 20:23:49.962,296280851,7068.18,0.006314,44.62848852,True,True
2020-04-17 20:23:50.102,296280852,7068.22,0.00246,17.3878212,False,True
2020-04-17 20:23:50.646,296280853,7068.2,0.014991999999999997,105.9664544,False,True
2020-04-17 20:23:51.027,296280854,7068.19,0.168794,1193.06806286,True,True
2020-04-17 20:23:51.027,296280855,7068.18,0.172274,1217.66364132,True,True
2020-04-17 20:23:51.027,296280856,7068.17,0.496723,3510.92260691,True,True
2020-04-17 20:23:51.027,296280857,7068.0,0.428474,3028.454232,True,True
2020-04-17 20:23:51.097,296280858,7068.01,0.120373,850.79756773,True,True
2020-04-17 20:23:51.097,296280859,7068.0,0.120284,850.1673119999998,True,True
2020-04-17 20:23:51.097,296280860,7067.72,0.001333,9.42127076,True,True
2020-04-17 20:23:51.184,296280861,7067.39,0.16207,1145.4118973,True,True
2020-04-17 20:23:51.320,296280862,7067.38,0.023339,164.94558182,True,True
2020-04-17 20:23:51.665,296280863,7068.18,0.004416,31.21308288,False,True
2020-04-17 20:23:52.407,296280864,7068.01,0.0036,25.444836,False,True
2020-04-17 20:23:52.508,296280865,7067.73,0.009983,70.55714859,False,True
2020-04-17 20:23:52.665,296280866,7067.38,0.001865,13.180663699999998,True,True
2020-04-17 20:23:52.712,296280867,7067.76,0.007075,50.004402,False,True
2020-04-17 20:23:53.462,296280868,7067.73,0.006897,48.74613381,False,True
2020-04-17 20:23:53.519,296280869,7067.77,0.003961,27.99543697,False,True
2020-04-17 20:23:54.483,296280870,7067.41,0.002408,17.01832328,True,True
2020-04-17 20:23:54.638,296280871,7067.53,0.068039,480.86767367,False,True
2020-04-17 20:23:54.747,296280872,7067.54,0.06804299999999999,480.89662422,False,True
2020-04-17 20:23:54.748,296280873,7067.17,0.0087,61.484379,True,True
2020-04-17 20:23:55.584,296280874,7067.49,0.003736,26.40414264,False,True
2020-04-17 20:23:56.771,296280875,7067.2,0.003195,22.579704,True,True
2020-04-17 20:23:56.771,296280876,7067.13,0.001149,8.12013237,True,True
2020-04-17 20:23:57.131,296280877,7067.35,0.16881300000000002,1193.06055555,True,True
2020-04-17 20:23:57.131,296280878,7067.19,0.003066,21.66800454,True,True
2020-04-17 20:23:57.131,296280879,7067.16,0.049749,351.58414284,True,True
2020-04-17 20:23:58.076,296280880,7067.16,0.008522,60.22633752,False,True
2020-04-17 20:23:58.160,296280881,7066.91,0.004818,34.04837238,True,True
2020-04-17 20:23:58.172,296280882,7067.16,0.006684000000000001,47.23689744,False,True
2020-04-17 20:23:58.828,296280883,7067.16,0.002785,19.6820406,False,True
2020-04-17 20:23:58.967,296280884,7067.16,0.002091,14.77743156,False,True
2020-04-17 20:23:59.127,296280885,7067.19,0.00475,33.5691525,False,True
2020-04-17 20:23:59.486,296280886,7067.18,0.004824,34.09207632,True,True
2020-04-17 20:23:59.525,296280887,7067.19,0.00592,41.8377648,False,True
2020-04-17 20:23:59.882,296280888,7067.19,0.031699,224.02285581,False,True
2020-04-17 20:24:01.233,296280889,7067.18,0.013531,95.62601258,True,True
2020-04-17 20:24:02.395,296280890,7067.19,0.037218,263.02667742,False,True
2020-04-17 20:24:02.726,296280891,7067.18,2.2e-05,0.15547796,True,True
2020-04-17 20:24:02.726,296280892,7066.99,0.006795000000000001,48.02019705,True,True
2020-04-17 20:24:02.823,296280893,7067.03,0.00518,36.6072154,True,True
2020-04-17 20:24:03.423,296280894,7067.18,0.137516,971.85032488,False,True
2020-04-17 20:24:03.693,296280895,7067.17,0.024626,174.03612842,True,True
2020-04-17 20:24:04.125,296280896,7067.18,0.007228,51.08157704,True,True
2020-04-17 20:24:05.480,296280897,7066.92,0.036152,255.48329184,True,True
2020-04-17 20:24:06.621,296280898,7066.92,0.020326,143.64221592,True,True
2020-04-17 20:24:06.822,296280899,7066.92,0.009636,68.09684112,True,True
2020-04-17 20:24:08.202,296280900,7066.92,0.007390000000000002,52.2245388,True,True
2020-04-17 20:24:09.077,296280901,7066.96,0.007551,53.36261496,False,True
2020-04-17 20:24:09.895,296280902,7066.96,0.030176,213.25258496,False,True
2020-04-17 20:24:09.895,296280903,7066.98,0.539184,3810.40254432,False,True
2020-04-17 20:24:09.895,296280904,7066.98,0.204038,1441.93246524,False,True
2020-04-17 20:24:09.905,296280905,7066.99,0.2266,1601.379934,False,True
2020-04-17 20:24:09.906,296280906,7066.99,0.06851,484.1594849,False,True
2020-04-17 20:24:09.910,296280907,7066.99,0.03019,213.3524281,False,True
2020-04-17 20:24:09.921,296280908,7066.99,0.0048200000000000005,34.0628918,False,True
2020-04-17 20:24:10.029,296280909,7066.99,0.042872,302.97599528,False,True
2020-04-17 20:24:10.401,296280910,7066.99,0.00283,19.9995817,False,True
2020-04-17 20:24:10.710,296280911,7066.99,0.00283,19.9995817,False,True
2020-04-17 20:24:10.752,296280912,7066.99,0.037871,267.63397829,False,True
2020-04-17 20:24:11.010,296280913,7066.98,0.116444,822.90741912,True,True
2020-04-17 20:24:11.137,296280914,7066.98,0.075706,535.01278788,True,True
2020-04-17 20:24:11.170,296280915,7066.99,0.0076,53.709124,False,True
2020-04-17 20:24:11.549,296280916,7066.99,0.14523699999999998,1026.38842663,False,True
2020-04-17 20:24:11.549,296280917,7067.02,0.174763,1235.05361626,False,True
2020-04-17 20:24:11.556,296280918,7067.02,0.1,706.702,False,True
2020-04-17 20:24:11.706,296280919,7067.02,0.6940000000000001,4904.51188,False,True
2020-04-17 20:24:11.735,296280920,7067.02,0.135245,955.7791199,False,True
2020-04-17 20:24:11.735,296280921,7067.02,0.038235000000000005,270.2075097,False,True
2020-04-17 20:24:11.755,296280922,7067.02,2e-06,0.01413404,False,True
2020-04-17 20:24:11.755,296280923,7067.16,0.199998,1413.41786568,False,True
2020-04-17 20:24:11.764,296280924,7067.16,0.0266,187.986456,False,True
2020-04-17 20:24:11.764,296280925,7067.16,7.000000000000002e-06,0.04947012,False,True
2020-04-17 20:24:11.764,296280926,7067.18,0.03019,213.3581642,False,True
2020-04-17 20:24:11.764,296280927,7067.22,0.038313,270.76639986,False,True
2020-04-17 20:24:11.773,296280928,7067.22,0.00384,27.138124800000003,False,True
2020-04-17 20:24:11.774,296280929,7067.22,0.015,106.0083,False,True
2020-04-17 20:24:12.201,296280930,7067.22,0.011331,80.07866982,False,True
2020-04-17 20:24:12.513,296280931,7067.57,0.014997,105.99234729,False,True
2020-04-17 20:24:12.716,296280932,7067.57,3e-06,0.02120271,False,True
2020-04-17 20:24:12.716,296280933,7067.77,0.011039,78.02111303,False,True
2020-04-17 20:24:12.716,296280934,7068.12,0.004883,34.51362996,False,True
2020-04-17 20:24:12.716,296280935,7068.2,8e-06,0.0565456,False,True
2020-04-17 20:24:12.716,296280936,7068.22,0.384067,2714.67005074,False,True
2020-04-17 20:24:12.736,296280937,7068.22,0.00283,20.003062600000003,False,True
2020-04-17 20:24:12.762,296280938,7068.22,0.012343000000000002,87.24303946,False,True
2020-04-17 20:24:12.762,296280939,7068.5,0.072431,511.97852350000005,False,True
2020-04-17 20:24:13.060,296280940,7068.5,0.060037,424.3715345,False,True
2020-04-17 20:24:13.407,296280941,7068.5,0.060359,426.6475915,False,True
2020-04-17 20:24:13.652,296280942,7068.5,0.002904,20.526924,False,True
2020-04-17 20:24:13.758,296280943,7068.5,0.060265,425.9831525,False,True
2020-04-17 20:24:13.764,296280944,7068.5,0.04562,322.46497,False,True
2020-04-17 20:24:13.788,296280945,7068.49,0.05593,395.3406457,True,True
2020-04-17 20:24:13.934,296280946,7068.49,0.017002,120.17846698,True,True
2020-04-17 20:24:14.102,296280947,7068.5,0.060534,427.884579,False,True
2020-04-17 20:24:14.446,296280948,7068.5,0.060094000000000015,424.774439,False,True
2020-04-17 20:24:14.681,296280949,7068.5,0.151569,1071.3654765,False,True
2020-04-17 20:24:14.681,296280950,7068.53,0.046767,330.57394251,False,True
2020-04-17 20:24:14.681,296280951,7068.59,0.002104,14.87231336,False,True
2020-04-17 20:24:14.681,296280952,7069.56,0.08496000000000001,600.6298176,False,True
2020-04-17 20:24:14.681,296280953,7069.6,0.113251,800.6392696,False,True
2020-04-17 20:24:14.681,296280954,7069.61,0.2,1413.922,False,True
2020-04-17 20:24:14.681,296280955,7069.69,0.002745,19.40629905,False,True
2020-04-17 20:24:14.681,296280956,7069.69,0.327375,2314.43976375,False,True
2020-04-17 20:24:14.681,296280957,7069.7,0.049438,349.51182860000006,False,True
2020-04-17 20:24:14.681,296280958,7069.71,0.028461,201.21101631,False,True
2020-04-17 20:24:14.681,296280959,7069.95,0.05333,377.0404335,False,True
2020-04-17 20:24:14.802,296280960,7069.9,0.002828,19.9936772,False,True
2020-04-17 20:24:14.802,296280961,7069.91,0.002872,20.30478152,False,True
2020-04-17 20:24:14.829,296280962,7069.89,0.060156,425.29630284,False,True
2020-04-17 20:24:14.904,296280963,7069.92,0.007012000000000001,49.57427904,True,True
2020-04-17 20:24:14.992,296280964,7069.92,0.06,424.1952,True,True
2020-04-17 20:24:15.103,296280965,7069.92,0.009995,70.6638504,True,True
2020-04-17 20:24:15.204,296280966,7069.93,0.060011,424.27356923,False,True
2020-04-17 20:24:15.572,296280967,7069.93,0.060041,424.48566713,False,True
2020-04-17 20:24:15.957,296280968,7070.0,0.012022,84.99554,False,True
2020-04-17 20:24:15.957,296280969,7070.01,0.004,28.280040000000003,False,True
2020-04-17 20:24:15.957,296280970,7070.72,0.044354000000000005,313.61471488,False,True
2020-04-17 20:24:16.317,296280971,7070.75,0.061149,432.36929175,False,True
2020-04-17 20:24:16.364,296280972,7070.74,0.113492,802.47242408,True,True
2020-04-17 20:24:16.462,296280973,7071.1,0.002104,14.8775944,False,True
2020-04-17 20:24:16.462,296280974,7071.56,0.000725,5.126881,False,True
2020-04-17 20:24:16.464,296280975,7071.09,0.024598,173.93467182,True,True
2020-04-17 20:24:16.467,296280976,7071.09,0.007166,50.67143094,True,True
2020-04-17 20:24:16.467,296280977,7071.09,0.007166,50.67143094,True,True
2020-04-17 20:24:16.467,296280978,7071.09,0.007166,50.67143094,True,True
2020-04-17 20:24:16.468,296280979,7071.09,0.007166,50.67143094,True,True
2020-04-17 20:24:16.468,296280980,7071.09,0.007166,50.67143094,True,True
2020-04-17 20:24:16.469,296280981,7071.09,0.007166,50.67143094,True,True
2020-04-17 20:24:16.469,296280982,7071.09,0.007166,50.67143094,True,True
2020-04-17 20:24:16.469,296280983,7071.09,0.007166,50.67143094,True,True
2020-04-17 20:24:16.469,296280984,7071.09,0.007166,50.67143094,True,True
2020-04-17 20:24:16.470,296280985,7071.09,0.007166,50.67143094,True,True
2020-04-17 20:24:16.470,296280986,7071.09,0.007166,50.67143094,True,True
2020-04-17 20:24:16.471,296280987,7071.09,0.007166,50.67143094,True,True
2020-04-17 20:24:16.472,296280988,7071.09,0.007166,50.67143094,True,True
2020-04-17 20:24:16.472,296280989,7071.09,0.007166,50.67143094,True,True
2020-04-17 20:24:16.472,296280990,7071.09,0.007166,50.67143094,True,True
2020-04-17 20:24:16.473,296280991,7071.09,0.007166,50.67143094,True,True
2020-04-17 20:24:16.473,296280992,7071.09,0.007166,50.67143094,True,True
2020-04-17 20:24:16.474,296280993,7071.09,0.007166,50.67143094,True,True
2020-04-17 20:24:16.474,296280994,7071.09,0.007166,50.67143094,True,True
2020-04-17 20:24:16.475,296280995,7071.09,0.007166,50.67143094,True,True
2020-04-17 20:24:16.493,296280996,7071.55,0.021211,149.99464705,True,True
2020-04-17 20:24:16.523,296280997,7071.55,0.002102,14.8643981,True,True
2020-04-17 20:24:16.553,296280998,7071.56,0.00635,44.904406,False,True
2020-04-17 20:24:16.553,296280999,7071.78,0.014861,105.09372258,False,True
2020-04-17 20:24:16.581,296281000,7071.77,0.17866600000000002,1263.48485882,True,True
2020-04-17 20:24:16.583,296281001,7071.77,0.002274,16.08120498,True,True
2020-04-17 20:24:16.684,296281002,7071.78,0.060115,425.1200547,False,True
2020-04-17 20:24:16.691,296281003,7071.77,0.15425899999999998,1090.88416843,True,True
2020-04-17 20:24:16.760,296281004,7071.77,0.0073760000000000015,52.16137552,True,True
2020-04-17 20:24:16.760,296281005,7071.77,0.092743,655.85716511,True,True
2020-04-17 20:24:17.056,296281006,7071.66,0.060326,426.60496116,False,True
2020-04-17 20:24:17.209,296281007,7071.62,0.033738,238.58231556,True,True
2020-04-17 20:24:17.413,296281008,7071.63,0.060072,424.80695736,False,True
2020-04-17 20:24:17.533,296281009,7071.62,0.007084999999999998,50.1024277,True,True
2020-04-17 20:24:17.781,296281010,7071.55,0.03535,249.9792925,False,True
2020-04-17 20:24:17.781,296281011,7071.62,0.00165,11.668173,False,True
2020-04-17 20:24:17.781,296281012,7071.63,0.023268,164.54268684,False,True
2020-04-17 20:24:18.148,296281013,7071.63,0.060654,428.92264602,False,True
2020-04-17 20:24:18.513,296281014,7071.69,0.011692,82.68219948,False,True
2020-04-17 20:24:18.513,296281015,7072.91,0.048466,342.79565606,False,True
2020-04-17 20:24:18.883,296281016,7072.08,0.06020800000000001,425.79579264,False,True
2020-04-17 20:24:19.263,296281017,7071.92,0.060192,425.67300864,False,True
2020-04-17 20:24:19.635,296281018,7072.39,0.060139,425.32646221,False,True
2020-04-17 20:24:19.719,296281019,7072.55,0.039031,276.04869905,True,True
2020-04-17 20:24:19.834,296281020,7073.49,0.088274,624.40525626,True,True
2020-04-17 20:24:20.685,296281021,7072.15,0.093064,658.1625676,False,True
2020-04-17 20:24:20.685,296281022,7072.36,0.075781,535.95051316,False,True
2020-04-17 20:24:21.064,296281023,7071.97,0.003899,27.57361103,False,True
2020-04-17 20:24:21.064,296281024,7072.26,0.05624,397.7439024,False,True
2020-04-17 20:24:21.185,296281025,7071.37,0.003879,27.42984423,True,True
2020-04-17 20:24:21.185,296281026,7071.09,0.02876,203.3645484,True,True
2020-04-17 20:24:21.425,296281027,7071.82,0.060142,425.31339844,False,True
2020-04-17 20:24:21.473,296281028,7071.82,0.0070620000000000014,49.94119284,False,True
2020-04-17 20:24:21.572,296281029,7071.82,0.0070620000000000014,49.94119284,False,True
2020-04-17 20:24:21.673,296281030,7071.82,0.0070620000000000014,49.94119284,False,True
2020-04-17 20:24:21.788,296281031,7071.82,0.0036,25.458552,False,True
2020-04-17 20:24:21.794,296281032,7071.82,0.060180999999999985,425.58919942,False,True
2020-04-17 20:24:22.162,296281033,7071.82,0.060013,424.40113366,False,True
2020-04-17 20:24:22.527,296281034,7071.69,0.015,106.07535,False,True
2020-04-17 20:24:22.527,296281035,7071.82,0.045085,318.8330047,False,True
2020-04-17 20:24:23.166,296281036,7072.1,0.00199,14.073479,True,True
2020-04-17 20:24:23.205,296281037,7072.29,0.537367,3800.41526043,False,True
2020-04-17 20:24:23.205,296281038,7072.39,1.392208,9846.23793712,False,True
2020-04-17 20:24:23.367,296281039,7072.58,0.002724,19.26570792,True,True
2020-04-17 20:24:23.464,296281040,7072.58,0.002437,17.23587746,True,True
2020-04-17 20:24:23.583,296281041,7072.58,0.003333,23.57290914,True,True
2020-04-17 20:24:23.992,296281042,7073.45,0.035909,254.00051605,True,True
2020-04-17 20:24:24.107,296281043,7073.45,0.002346,16.594313699999994,True,True
2020-04-17 20:24:24.522,296281044,7073.45,0.267974,1895.5006903,True,True
2020-04-17 20:24:24.712,296281045,7072.69,0.007061,49.94026409,False,True
2020-04-17 20:24:24.814,296281046,7072.69,0.007061,49.94026409,False,True
2020-04-17 20:24:24.920,296281047,7072.59,0.0018,12.730662,False,True
2020-04-17 20:24:26.412,296281048,7072.07,0.015,106.08105,False,True
2020-04-17 20:24:26.412,296281049,7072.49,0.22202,1570.2342298,False,True
2020-04-17 20:24:26.412,296281050,7072.5,0.16298,1152.67605,False,True
2020-04-17 20:24:27.538,296281051,7072.43,0.004543,32.13004949,False,True
2020-04-17 20:24:27.750,296281052,7071.69,0.014949,105.71469381,False,True
2020-04-17 20:24:27.750,296281053,7072.5,0.205562,1453.837245,False,True
2020-04-17 20:24:28.062,296281054,7071.86,0.003034,21.45602324,True,True
2020-04-17 20:24:28.062,296281055,7071.76,0.000245,1.7325811999999998,True,True
2020-04-17 20:24:28.156,296281056,7072.0,0.02,141.44,False,True
2020-04-17 20:24:28.156,296281057,7072.75,0.0046,32.53465,False,True
2020-04-17 20:24:28.156,296281058,7072.85,0.039772,281.3013902,False,True
2020-04-17 20:24:28.431,296281059,7073.03,0.168685,1193.11406555,False,True
2020-04-17 20:24:28.431,296281060,7073.43,0.113845,805.27463835,False,True
2020-04-17 20:24:28.503,296281061,7073.42,0.007061,49.94541862,True,True
2020-04-17 20:24:28.538,296281062,7073.43,0.002828,20.00366004,False,True
2020-04-17 20:24:28.733,296281063,7074.35,0.0015,10.611525,False,True
2020-04-17 20:24:28.733,296281064,7074.83,0.0185,130.884355,False,True
2020-04-17 20:24:28.733,296281065,7074.91,0.072348,511.85558868,False,True
2020-04-17 20:24:28.797,296281066,7074.38,0.017027,120.45546826,True,True
2020-04-17 20:24:29.009,296281067,7074.77,0.004921,34.81494317,True,True
2020-04-17 20:24:29.124,296281068,7074.42,0.0029530000000000003,20.89076226,True,True
2020-04-17 20:24:29.315,296281069,7073.81,0.00443,31.3369783,True,True
2020-04-17 20:24:29.535,296281070,7073.54,0.00443,31.3357822,True,True
2020-04-17 20:24:29.735,296281071,7073.55,0.04135,292.4912925,True,True
2020-04-17 20:24:29.958,296281072,7073.55,0.003623,25.62747165,False,True
2020-04-17 20:24:29.958,296281073,7073.81,0.194557,1376.25925217,False,True
2020-04-17 20:24:30.538,296281074,7073.74,0.093168,659.04620832,False,True
2020-04-17 20:24:31.624,296281075,7074.73,0.023261,164.56529453,True,True
2020-04-17 20:24:31.849,296281076,7074.72,0.01829,129.3966288,False,True
2020-04-17 20:24:32.424,296281077,7073.81,0.1,707.3810000000002,False,True
2020-04-17 20:24:32.424,296281078,7074.64,0.081703,578.01931192,False,True
2020-04-17 20:24:32.424,296281079,7074.68,0.08167,577.7891156000002,False,True
2020-04-17 20:24:32.424,296281080,7074.68,0.004143,29.31039924,False,True
2020-04-17 20:24:32.424,296281081,7074.76,0.042175,298.378003,False,True
2020-04-17 20:24:32.678,296281082,7074.47,0.003537,25.02240039,True,True
2020-04-17 20:24:34.275,296281083,7074.5,0.005693,40.2751285,True,True
2020-04-17 20:24:34.390,296281084,7074.43,0.00822,58.15181460000001,True,True
2020-04-17 20:24:34.827,296281085,7074.73,0.001579,11.17099867,False,True
2020-04-17 20:24:35.058,296281086,7073.58,0.003831,27.09888498,True,True
2020-04-17 20:24:35.058,296281087,7072.93,0.004414,31.21991302,True,True
2020-04-17 20:24:35.162,296281088,7074.1,0.004482,31.7061162,False,True
2020-04-17 20:24:35.162,296281089,7074.45,0.078794,557.4242132999998,False,True
2020-04-17 20:24:35.162,296281090,7074.5,0.078717,556.8834165,False,True
2020-04-17 20:24:35.162,296281091,7074.71,0.097266,688.12874286,False,True
2020-04-17 20:24:35.162,296281092,7074.77,0.097185,687.56152245,False,True
2020-04-17 20:24:35.162,296281093,7074.96,0.043556,308.15695776,False,True
2020-04-17 20:24:36.669,296281094,7074.38,0.009804,69.35722152,True,True
2020-04-17 20:24:36.770,296281095,7074.38,0.009804,69.35722152,True,True
2020-04-17 20:24:38.232,296281096,7073.87,0.003259,23.05374233,True,True
2020-04-17 20:24:38.336,296281097,7073.91,0.05007,354.1906737,True,True
2020-04-17 20:24:38.517,296281098,7074.31,0.016779,118.69984749,False,True
2020-04-17 20:24:38.552,296281099,7073.49,0.049977,353.51180973,True,True
2020-04-17 20:24:38.620,296281100,7074.3,0.007059,49.93748370000001,False,True
2020-04-17 20:24:38.647,296281101,7073.41,0.002818,19.93286938,True,True
2020-04-17 20:24:38.681,296281102,7073.41,8e-06,0.05658728,True,True
2020-04-17 20:24:38.681,296281103,7073.32,0.049913,353.05062116,True,True
2020-04-17 20:24:38.726,296281104,7074.25,0.007059,49.93713075,False,True
2020-04-17 20:24:38.752,296281105,7073.33,0.030385,214.92313205,True,True
2020-04-17 20:24:38.828,296281106,7074.21,0.0018,12.733578,False,True
2020-04-17 20:24:38.840,296281107,7074.21,0.068221,482.60968041,False,True
2020-04-17 20:24:38.840,296281108,7074.22,0.003071,21.72492962,False,True
2020-04-17 20:24:38.840,296281109,7074.23,0.16866099999999998,1193.14670603,False,True
2020-04-17 20:24:38.840,296281110,7074.28,0.044785000000000005,316.8216298,False,True
2020-04-17 20:24:38.840,296281111,7074.31,0.115262,815.39911922,False,True
2020-04-17 20:24:39.274,296281112,7073.86,0.048115,340.3587739,True,True
2020-04-17 20:24:40.669,296281113,7074.1,0.004793,33.906161299999994,False,True
2020-04-17 20:24:40.669,296281114,7074.31,0.291379,2061.30537349,False,True
2020-04-17 20:24:41.644,296281115,7073.76,0.028447000000000007,201.22725072,True,True
2020-04-17 20:24:42.486,296281116,7074.22,0.015,106.1133,False,True
2020-04-17 20:24:42.486,296281117,7074.38,0.065102,460.55628676,False,True
2020-04-17 20:24:42.486,296281118,7074.89,0.210079,1486.28581631,False,True
2020-04-17 20:24:43.522,296281119,7074.12,0.035143,248.60579916,True,True
2020-04-17 20:24:43.947,296281120,7074.12,0.043419,307.15121628,True,True
2020-04-17 20:24:44.224,296281121,7074.2,0.004691,33.1850722,True,True
2020-04-17 20:24:44.324,296281122,7074.2,0.003844,27.193224800000007,True,True
2020-04-17 20:24:45.779,296281123,7073.66,0.004653,32.91373998,True,True
2020-04-17 20:24:45.822,296281124,7073.43,0.038347000000000006,271.24482021,False,True
2020-04-17 20:24:45.822,296281125,7074.44,0.361653,2558.49244932,False,True
2020-04-17 20:24:45.956,296281126,7073.55,0.003881,27.45244755,True,True
2020-04-17 20:24:45.956,296281127,7073.33,0.094307,667.06453231,True,True
2020-04-17 20:24:46.035,296281128,7073.36,0.216408,1530.73169088,True,True
2020-04-17 20:24:46.196,296281129,7073.8,0.060322,426.7057636,False,True
2020-04-17 20:24:46.475,296281130,7073.66,0.14317,1012.7359022,False,True
2020-04-17 20:24:46.570,296281131,7073.64,0.060705,429.4053162,False,True
2020-04-17 20:24:46.949,296281132,7073.65,0.060261,426.26522265,False,True
2020-04-17 20:24:47.250,296281133,7073.29,0.002061,14.57805069,True,True
2020-04-17 20:24:47.313,296281134,7073.65,0.060116,425.2395434,False,True
2020-04-17 20:24:47.693,296281135,7073.65,0.060345,426.85940925,False,True
2020-04-17 20:24:48.059,296281136,7073.65,0.060191,425.77006715,False,True
2020-04-17 20:24:48.099,296281137,7073.65,0.007201999999999998,50.9444273,False,True
2020-04-17 20:24:48.099,296281138,7073.65,0.129383,915.21005795,False,True
2020-04-17 20:24:48.099,296281139,7073.75,0.004281,30.28272375,False,True
2020-04-17 20:24:48.099,296281140,7074.41,0.0072,50.935752,False,True
2020-04-17 20:24:48.439,296281141,7073.59,0.048327,341.84538393,True,True
2020-04-17 20:24:48.630,296281142,7073.23,0.008758,61.94734834,False,True
2020-04-17 20:24:48.732,296281143,7073.21,0.0036,25.463556,False,True
2020-04-17 20:24:48.832,296281144,7073.21,0.498442,3525.58493882,False,True
2020-04-17 20:24:49.217,296281145,7073.21,0.005904,41.76023184,False,True
2020-04-17 20:24:50.241,296281146,7073.21,0.025786,182.38979306,False,True
2020-04-17 20:24:50.727,296281147,7073.21,0.051237,362.41006077,False,True
2020-04-17 20:24:51.030,296281148,7073.21,0.354,2503.91634,False,True
2020-04-17 20:24:56.359,296281149,7073.21,0.008483,60.00204043,False,True
2020-04-17 20:24:56.980,296281150,7073.2,0.002823,19.9676436,True,True
2020-04-17 20:24:57.225,296281151,7073.2,4e-06,0.0282928,True,True
2020-04-17 20:24:57.225,296281152,7073.2,0.018672,132.07079040000002,True,True
2020-04-17 20:24:58.302,296281153,7073.21,0.011111,78.59043631,False,True
2020-04-17 20:24:58.735,296281154,7073.21,0.002088,14.76886248,False,True
2020-04-17 20:24:59.814,296281155,7072.93,0.007069,49.99854217,True,True
2020-04-17 20:24:59.814,296281156,7072.03,0.183917,1300.66654151,True,True
2020-04-17 20:24:59.814,296281157,7072.0,2.806014,19844.131008,True,True
2020-04-17 20:24:59.876,296281158,7072.65,0.4,2829.06,False,True
2020-04-17 20:25:00.882,296281159,7072.54,0.014188999999999997,100.35227006,True,True
2020-04-17 20:25:00.985,296281160,7072.64,0.003844,27.18722816,True,True
2020-04-17 20:25:00.985,296281161,7072.62,0.020754,146.78515548,True,True
2020-04-17 20:25:01.291,296281162,7072.85,0.003077,21.76315945,True,True
2020-04-17 20:25:01.291,296281163,7072.65,0.13381400000000002,946.4195871,True,True
2020-04-17 20:25:02.626,296281164,7072.75,0.028225,199.62836875,True,True
2020-04-17 20:25:04.671,296281165,7073.03,0.007102,50.23265906,True,True
2020-04-17 20:25:04.671,296281166,7072.82,0.002597,18.36811354,True,True
2020-04-17 20:25:05.851,296281167,7073.21,0.00456,32.2538376,False,True
2020-04-17 20:25:08.518,296281168,7073.17,0.001517,10.72999889,False,True
2020-04-17 20:25:09.004,296281169,7072.89,0.005011,35.44225179,True,True
2020-04-17 20:25:12.549,296281170,7073.16,0.168676,1193.07233616,True,True
2020-04-17 20:25:12.549,296281171,7073.12,0.096425,682.025596,True,True
2020-04-17 20:25:14.697,296281172,7073.21,0.002828,20.00303788,False,True
2020-04-17 20:25:14.976,296281173,7073.21,0.0036,25.463556,False,True
2020-04-17 20:25:16.497,296281174,7073.19,0.168676,1193.07739644,True,True
2020-04-17 20:25:16.497,296281175,7073.19,0.007031999999999999,49.73867208,True,True
2020-04-17 20:25:16.497,296281176,7073.01,0.127342,900.69123942,True,True
2020-04-17 20:25:16.497,296281177,7073.0,0.146223,1034.235279,True,True
2020-04-17 20:25:16.497,296281178,7072.96,0.28661,2027.1810656,True,True
2020-04-17 20:25:16.497,296281179,7072.95,1.255894,8882.875467299997,True,True
2020-04-17 20:25:19.745,296281180,7073.0,0.125494,887.6190619999999,True,True
2020-04-17 20:25:20.375,296281181,7073.0,0.12548199999999998,887.534186,True,True
2020-04-17 20:25:22.468,296281182,7073.01,0.002935,20.75928435,True,True
2020-04-17 20:25:27.157,296281183,7073.01,0.007201000000000002,50.93274501,True,True
2020-04-17 20:25:28.323,296281184,7073.01,2.3e-05,0.16267923,True,True
2020-04-17 20:25:28.323,296281185,7073.0,0.013527,95.676471,True,True
2020-04-17 20:25:28.324,296281186,7073.0,0.01355,95.83915,True,True
2020-04-17 20:25:28.325,296281187,7073.0,0.01355,95.83915,True,True
2020-04-17 20:25:28.326,296281188,7073.0,0.01355,95.83915,True,True
2020-04-17 20:25:28.326,296281189,7073.0,0.01355,95.83915,True,True
2020-04-17 20:25:28.328,296281190,7073.0,0.01355,95.83915,True,True
2020-04-17 20:25:28.328,296281191,7073.0,0.01355,95.83915,True,True
2020-04-17 20:25:28.328,296281192,7073.0,0.01355,95.83915,True,True
2020-04-17 20:25:28.328,296281193,7073.0,0.01355,95.83915,True,True
2020-04-17 20:25:28.328,296281194,7073.0,0.01355,95.83915,True,True
2020-04-17 20:25:28.328,296281195,7073.0,0.01355,95.83915,True,True
2020-04-17 20:25:28.329,296281196,7073.0,0.01355,95.83915,True,True
2020-04-17 20:25:28.329,296281197,7073.0,0.01355,95.83915,True,True
2020-04-17 20:25:28.329,296281198,7073.0,0.01355,95.83915,True,True
2020-04-17 20:25:28.329,296281199,7073.0,0.01355,95.83915,True,True
2020-04-17 20:25:28.329,296281200,7073.0,0.01355,95.83915,True,True
2020-04-17 20:25:28.329,296281201,7073.0,0.01355,95.83915,True,True
2020-04-17 20:25:28.330,296281202,7073.0,0.01355,95.83915,True,True
2020-04-17 20:25:28.330,296281203,7073.0,0.01355,95.83915,True,True
2020-04-17 20:25:28.330,296281204,7073.0,0.01355,95.83915,True,True
2020-04-17 20:25:28.331,296281205,7073.0,0.01355,95.83915,True,True
2020-04-17 20:25:28.332,296281206,7073.0,0.01355,95.83915,True,True
2020-04-17 20:25:28.333,296281207,7073.0,0.01355,95.83915,True,True
2020-04-17 20:25:28.335,296281208,7073.0,0.01355,95.83915,True,True
2020-04-17 20:25:28.335,296281209,7073.0,0.01355,95.83915,True,True
2020-04-17 20:25:28.348,296281210,7073.0,0.1,707.3,True,True
2020-04-17 20:25:28.361,296281211,7073.0,0.2,1414.6,True,True
2020-04-17 20:25:28.374,296281212,7073.0,0.5292399999999999,3743.31452,True,True
2020-04-17 20:25:28.418,296281213,7073.0,0.027473,194.316529,True,True
2020-04-17 20:25:28.512,296281214,7073.0,0.05115,361.78395,True,True
2020-04-17 20:25:28.516,296281215,7073.0,0.07253,513.00469,True,True
2020-04-17 20:25:28.601,296281216,7073.0,0.005,35.365,True,True
2020-04-17 20:25:28.609,296281217,7073.0,0.17723,1253.54779,True,True
2020-04-17 20:25:28.625,296281218,7073.0,0.046413,328.279149,True,True
2020-04-17 20:25:28.725,296281219,7073.0,0.98802,6988.26546,True,True
2020-04-17 20:25:28.731,296281220,7072.0,0.053514,378.451008,True,True
2020-04-17 20:25:28.812,296281221,7072.01,0.499498,3532.45485098,False,True
2020-04-17 20:25:28.837,296281222,7072.0,0.05344,377.92768,True,True
2020-04-17 20:25:28.915,296281223,7072.01,0.0018,12.729618,False,True
2020-04-17 20:25:28.935,296281224,7072.01,0.001913,13.52875513,False,True
2020-04-17 20:25:28.954,296281225,7072.0,0.033748,238.665856,True,True
2020-04-17 20:25:29.018,296281226,7072.01,0.1,707.201,False,True
2020-04-17 20:25:29.055,296281227,7072.0,0.050713,358.642336,True,True
2020-04-17 20:25:29.130,296281228,7072.01,0.0018,12.729618,False,True
2020-04-17 20:25:29.164,296281229,7072.0,0.047491000000000005,335.856352,True,True
2020-04-17 20:25:29.258,296281230,7072.0,0.047756,337.730432,True,True
2020-04-17 20:25:29.270,296281231,7072.01,0.003532,24.97833932,False,True
2020-04-17 20:25:29.372,296281232,7072.0,0.054564,385.876608,True,True
2020-04-17 20:25:29.472,296281233,7072.0,0.047877,338.586144,True,True
2020-04-17 20:25:29.568,296281234,7072.0,0.045762,323.628864,True,True
2020-04-17 20:25:29.679,296281235,7072.0,0.027324,193.235328,True,True
2020-04-17 20:25:29.836,296281236,7072.0,0.002829,20.006688,True,True
2020-04-17 20:25:30.335,296281237,7072.0,0.011398,80.606656,True,True
2020-04-17 20:25:30.420,296281238,7072.0,2.291876,16208.147072,True,True
2020-04-17 20:25:30.489,296281239,7071.22,0.07776,549.8580672,False,True
2020-04-17 20:25:30.506,296281240,7071.22,0.0018,12.728196,False,True
2020-04-17 20:25:30.613,296281241,7071.17,0.134179,948.80251943,False,True
2020-04-17 20:25:30.841,296281242,7071.01,0.003004,21.24131404,False,True
2020-04-17 20:25:31.781,296281243,7071.0,0.01001,70.78071,True,True
2020-04-17 20:25:32.199,296281244,7071.01,0.049759,351.84638659,False,True
2020-04-17 20:25:33.930,296281245,7071.0,0.114767,811.517457,True,True
2020-04-17 20:25:34.421,296281246,7071.0,0.045265,320.068815,True,True
2020-04-17 20:25:34.487,296281247,7071.0,0.0267,188.7957,True,True
2020-04-17 20:25:34.533,296281248,7071.0,0.012452,88.04809200000003,True,True
2020-04-17 20:25:35.140,296281249,7071.0,0.113502,802.572642,True,True
2020-04-17 20:25:35.595,296281250,7071.0,1.0,7071.0,True,True
2020-04-17 20:25:37.326,296281251,7071.0,0.07,494.97,True,True
2020-04-17 20:25:38.832,296281252,7071.0,0.00866,61.23486,True,True
2020-04-17 20:25:42.323,296281253,7071.0,0.057195,404.425845,True,True
2020-04-17 20:25:42.345,296281254,7071.0,0.2,1414.2,True,True
2020-04-17 20:25:42.349,296281255,7071.0,0.2,1414.2,True,True
2020-04-17 20:25:42.357,296281256,7071.0,0.5,3535.5,True,True
2020-04-17 20:25:42.360,296281257,7071.0,0.1,707.1,True,True
2020-04-17 20:25:42.379,296281258,7071.0,0.1,707.1,True,True
2020-04-17 20:25:42.386,296281259,7071.0,1.1581780000000002,8189.476637999999,True,True
2020-04-17 20:25:42.386,296281260,7071.0,0.008062,57.006402,True,True
2020-04-17 20:25:42.386,296281261,7071.0,0.53376,3774.21696,True,True
2020-04-17 20:25:42.388,296281262,7071.0,0.1,707.1,True,True
2020-04-17 20:25:42.391,296281263,7071.0,1.0,7071.0,True,True
2020-04-17 20:25:42.391,296281264,7071.0,0.1,707.1,True,True
2020-04-17 20:25:42.391,296281265,7071.0,1.03674,7330.78854,True,True
2020-04-17 20:25:42.392,296281266,7071.0,0.7,4949.7,True,True
2020-04-17 20:25:42.416,296281267,7071.0,0.401094,2836.135674,True,True
2020-04-17 20:25:42.416,296281268,7071.0,0.6894859999999999,4875.355506,True,True
2020-04-17 20:25:42.421,296281269,7071.0,0.008053,56.942763,True,True
2020-04-17 20:25:42.421,296281270,7070.1,0.005,35.3505,True,True
2020-04-17 20:25:42.421,296281271,7070.01,0.083361,589.36310361,True,True
2020-04-17 20:25:42.511,296281272,7070.69,0.006101,43.13827969,False,True
2020-04-17 20:25:42.721,296281273,7070.27,0.002762,19.52808574,False,True
2020-04-17 20:25:42.754,296281274,7070.0,0.16381600000000002,1158.17912,True,True
2020-04-17 20:25:43.038,296281275,7070.14,0.007063,49.93639882,False,True
2020-04-17 20:25:43.152,296281276,7070.11,0.007063,49.93618693,False,True
2020-04-17 20:25:43.168,296281277,7070.0,0.284,2007.88,True,True
2020-04-17 20:25:43.250,296281278,7070.1,0.007979,56.4123279,False,True
2020-04-17 20:25:43.588,296281279,7070.0,0.458101,3238.77407,True,True
2020-04-17 20:25:44.265,296281280,7070.01,0.106459,752.66619459,False,True
2020-04-17 20:25:44.433,296281281,7070.0,0.040972,289.67204,True,True
2020-04-17 20:25:46.971,296281282,7070.0,0.032138,227.21566,True,True
2020-04-17 20:25:47.715,296281283,7070.0,0.004021,28.42847,True,True
2020-04-17 20:25:49.110,296281284,7070.0,3.015121,21316.90547,True,True
2020-04-17 20:25:49.110,296281285,7070.0,0.025507,180.33449,True,True
2020-04-17 20:25:49.162,296281286,7069.96,0.0018,12.725928,False,True
2020-04-17 20:25:49.266,296281287,7069.85,0.004136,29.24089960000001,False,True
2020-04-17 20:25:49.946,296281288,7069.68,0.1,706.9680000000002,False,True
2020-04-17 20:25:50.935,296281289,7069.35,0.001968,13.912480800000004,True,True
2020-04-17 20:25:51.351,296281290,7069.47,0.002952,20.86907544,True,True
2020-04-17 20:25:51.543,296281291,7069.51,0.05667000000000001,400.6291317,True,True
2020-04-17 20:25:51.543,296281292,7069.5,0.168758,1193.034681,True,True
2020-04-17 20:25:51.543,296281293,7069.47,0.16580599999999998,1172.16054282,True,True
2020-04-17 20:25:51.543,296281294,7069.41,0.0040420000000000005,28.57455522,True,True
2020-04-17 20:25:51.543,296281295,7069.29,0.0045590000000000006,32.22889311,True,True
2020-04-17 20:25:51.674,296281296,7069.54,0.002461,17.39813794,True,True
2020-04-17 20:25:53.627,296281297,7069.49,0.099057,700.28247093,True,True
2020-04-17 20:25:53.627,296281298,7069.46,0.334974,2368.08529404,True,True
2020-04-17 20:25:53.627,296281299,7069.45,0.003991,28.21417495,True,True
2020-04-17 20:25:53.627,296281300,7069.33,0.141493,1000.26070969,True,True
2020-04-17 20:25:53.627,296281301,7069.24,0.407234,2878.83488216,True,True
2020-04-17 20:25:53.658,296281302,7069.25,0.031988,226.131169,True,True
2020-04-17 20:25:55.315,296281303,7069.44,0.0055,38.88192,True,True
2020-04-17 20:25:56.083,296281304,7069.49,0.014278,100.93817822,True,True
2020-04-17 20:25:56.552,296281305,7069.3,0.04,282.772,True,True
2020-04-17 20:26:00.203,296281306,7069.35,0.0019690000000000003,13.91955015,True,True
2020-04-17 20:26:02.139,296281307,7069.42,0.007064,49.93838288,False,True
2020-04-17 20:26:02.257,296281308,7069.39,0.007064,49.93817096,False,True
2020-04-17 20:26:02.365,296281309,7069.46,0.0036,25.450056,False,True
2020-04-17 20:26:02.589,296281310,7069.46,0.00238,16.8253148,False,True
2020-04-17 20:26:02.799,296281311,7069.32,0.14149,1000.2380868,True,True
2020-04-17 20:26:02.799,296281312,7069.29,0.19651,1389.1861779,True,True
2020-04-17 20:26:03.091,296281313,7069.34,0.010664,75.38744176,False,True
2020-04-17 20:26:09.106,296281314,7069.24,0.068673,485.46591852,False,True
2020-04-17 20:26:09.106,296281315,7069.24,0.02,141.3848,False,True
2020-04-17 20:26:09.106,296281316,7069.25,0.015,106.03875,False,True
2020-04-17 20:26:09.106,296281317,7069.43,0.115327,815.29615361,False,True
2020-04-17 20:26:09.754,296281318,7069.43,0.002687,18.99555841,False,True
2020-04-17 20:26:10.432,296281319,7069.43,0.009731,68.79262333,False,True
2020-04-17 20:26:10.518,296281320,7069.43,0.007064,49.93845352,False,True
2020-04-17 20:26:13.477,296281321,7069.25,0.168769,1193.07025325,False,True
2020-04-17 20:26:13.586,296281322,7069.25,0.098548,696.660449,False,True
2020-04-17 20:26:20.751,296281323,7069.43,0.010529,74.43402847,False,True
2020-04-17 20:26:20.858,296281324,7069.43,0.007064,49.93845352,False,True
2020-04-17 20:26:20.963,296281325,7069.43,0.007064,49.93845352,False,True
2020-04-17 20:26:20.980,296281326,7069.42,0.015737,111.25146254,True,True
2020-04-17 20:26:21.132,296281327,7069.43,0.0036,25.449948000000006,False,True
2020-04-17 20:26:21.289,296281328,7069.43,0.007210999999999999,50.97765973,False,True
2020-04-17 20:26:21.384,296281329,7069.43,0.0036,25.449948000000006,False,True
2020-04-17 20:26:22.393,296281330,7069.43,0.004444,31.41654692,False,True
2020-04-17 20:26:22.765,296281331,7069.43,0.006016,42.52969088,False,True
2020-04-17 20:26:22.848,296281332,7069.43,0.007837,55.40312291,False,True
2020-04-17 20:26:23.269,296281333,7069.43,0.00456,32.236600800000005,False,True
2020-04-17 20:26:26.570,296281334,7069.43,0.6777,4790.952711,False,True
2020-04-17 20:26:27.825,296281335,7069.42,0.001682,11.89076444,True,True
2020-04-17 20:26:30.608,296281336,7069.43,0.009127,64.52268761,False,True
2020-04-17 20:26:32.233,296281337,7069.43,0.054766,387.16440338,False,True
2020-04-17 20:26:32.233,296281338,7069.43,0.08704500000000001,615.35853435,False,True
2020-04-17 20:26:32.266,296281339,7069.45,0.2,1413.89,True,True
2020-04-17 20:26:32.266,296281340,7069.45,0.025476,180.1013082,True,True
2020-04-17 20:26:32.743,296281341,7069.45,0.007195999999999998,50.871762200000006,True,True
2020-04-17 20:26:32.751,296281342,7069.45,0.004173,29.50081485,True,True
2020-04-17 20:26:32.753,296281343,7069.45,0.003105,21.95064225,True,True
2020-04-17 20:26:32.759,296281344,7069.45,0.004589,32.44170605,True,True
